17:32:05               
17:32:05           --- App Start ---   CPU: 8 cores   Memory: 17.06 Gb  UseMem: 100%   Canvas: TCanvasD2D
17:32:07.721           ---  Init. Exchange: Binance Futures  ---  v6.33 (21.04.2021)  VDS Mode: NO  FreePosMode: NO
17:32:10.198   UDP will exporter to port 2000
17:32:10.208   UDP will listen port 7851
17:32:10.542  TimeSync tries:3  Offset: -18  NTPDelay: 20
17:32:13.881  Account Rate Limits: 2400 requests per minute,  1200 orders per minute, 300 orders per 10 seconds 
17:32:13.605  Auth: OK! Binance connection method: 0
17:32:19.930   == Reg. ID: 2206
17:32:19.950  Пожалуйста, зайдите в "Настройки - Логин" и поставьте галочку "Согласен отправлять результаты моих сделок на сервер" на всех ваших ботах. 
  Если вы не снимаете галочку минимум неделю, вам станут доступны некоторые особые функции, например стратегия покупки на листинге. 
  (Осталось 6.9 дней )
17:32:19.952  MultiOrders: NO (cfg: NO)  XFunction: NO 
17:32:19.956  Markets updated: 113  USDT Markets: 113
17:32:20.213  Bot's server message: Welcome!
17:32:21.426  PositionSide: {"dualSidePosition":false}
17:32:21.502  SubscribeOrders: OK; key: QvDEfAZQaOXnpCSUhJ5P3Zd4rMPYAsBbQ87VgRPsZYVSyGjLG5pBhRdrqbaaIlCD
17:32:22.823  SubscribeOrders2: OK; key: QvDEfAZQaOXnpCSUhJ5P3Zd4rMPYAsBbQ87VgRPsZYVSyGjLG5pBhRdrqbaaIlCD
17:32:31.177  Data load time: 10.28 sec
17:32:31.191  Готов.
17:32:31.202  Subscribing to @aggTrade stream
17:32:33.177   === Started ===
17:32:33.178  Жду название монеты ...
17:32:33.179  Starting strategies...
17:32:34.597   [S1] 17:32:34.597  {"e":"ORDER_TRADE_UPDATE","T":1619537554436,"E":1619537554441,"o":{"s":"MATICUSDT","c":"x-yIXKfZTSSxcbcwFh0a8l2ZkZmi2aR","S":"SELL","o":"LIMIT","f":"GTC","q":"130","p":"0.61469","ap":"0","sp":"0","x":"CANCELED","X":"CANCELED","i":9819620775,"l":"0","z":"0","L":"0","T":1619537554436,"t":0,"b":"479.00909","a":"81.47414","m":false,"R":false,"wt":"CONTRACT_PRICE","ot":"LIMIT","ps":"BOTH","cp":false,"rp":"0","pP":false,"si":0,"ss":0}}
17:32:35.109   [S1] 17:32:35.109  {"e":"ORDER_TRADE_UPDATE","T":1619537554944,"E":1619537554949,"o":{"s":"MATICUSDT","c":"x-yIXKfZTSS6lhi0aukq7TVfW4rkIa1","S":"SELL","o":"LIMIT","f":"GTC","q":"130","p":"0.61330","ap":"0","sp":"0","x":"NEW","X":"NEW","i":9819628347,"l":"0","z":"0","L":"0","T":1619537554944,"t":0,"b":"479.00909","a":"161.20314","m":false,"R":false,"wt":"CONTRACT_PRICE","ot":"LIMIT","ps":"BOTH","cp":false,"rp":"0","pP":false,"si":0,"ss":0}}
17:32:47.723   [S1] 17:32:47.723  {"e":"ORDER_TRADE_UPDATE","T":1619537567527,"E":1619537567532,"o":{"s":"MATICUSDT","c":"x-yIXKfZTSS6lhi0aukq7TVfW4rkIa1","S":"SELL","o":"LIMIT","f":"GTC","q":"130","p":"0.61330","ap":"0","sp":"0","x":"CANCELED","X":"CANCELED","i":9819628347,"l":"0","z":"0","L":"0","T":1619537567527,"t":0,"b":"479.00909","a":"81.47414","m":false,"R":false,"wt":"CONTRACT_PRICE","ot":"LIMIT","ps":"BOTH","cp":false,"rp":"0","pP":false,"si":0,"ss":0}}
17:32:48.210   [S1] 17:32:48.210  {"e":"ORDER_TRADE_UPDATE","T":1619537568049,"E":1619537568053,"o":{"s":"MATICUSDT","c":"x-yIXKfZTSS1kIYCHTWNptwj4R952bE","S":"SELL","o":"LIMIT","f":"GTC","q":"130","p":"0.61305","ap":"0","sp":"0","x":"NEW","X":"NEW","i":9819633700,"l":"0","z":"0","L":"0","T":1619537568049,"t":0,"b":"479.00909","a":"161.17064","m":false,"R":false,"wt":"CONTRACT_PRICE","ot":"LIMIT","ps":"BOTH","cp":false,"rp":"0","pP":false,"si":0,"ss":0}}
17:32:49.465   [S1] 17:32:49.465  {"e":"ORDER_TRADE_UPDATE","T":1619537569306,"E":1619537569310,"o":{"s":"MATICUSDT","c":"x-yIXKfZTSS1kIYCHTWNptwj4R952bE","S":"SELL","o":"LIMIT","f":"GTC","q":"130","p":"0.61305","ap":"0","sp":"0","x":"CANCELED","X":"CANCELED","i":9819633700,"l":"0","z":"0","L":"0","T":1619537569306,"t":0,"b":"479.00909","a":"81.47414","m":false,"R":false,"wt":"CONTRACT_PRICE","ot":"LIMIT","ps":"BOTH","cp":false,"rp":"0","pP":false,"si":0,"ss":0}}
17:32:49.998   [S1] 17:32:49.998  {"e":"ORDER_TRADE_UPDATE","T":1619537569837,"E":1619537569841,"o":{"s":"MATICUSDT","c":"x-yIXKfZTSSXh7qrFEBiE9Lls638fK5","S":"SELL","o":"LIMIT","f":"GTC","q":"130","p":"0.61347","ap":"0","sp":"0","x":"NEW","X":"NEW","i":9819634218,"l":"0","z":"0","L":"0","T":1619537569837,"t":0,"b":"479.00909","a":"161.22524","m":false,"R":false,"wt":"CONTRACT_PRICE","ot":"LIMIT","ps":"BOTH","cp":false,"rp":"0","pP":false,"si":0,"ss":0}}
17:32:57.795   [S1] 17:32:57.795  {"e":"ORDER_TRADE_UPDATE","T":1619537577634,"E":1619537577639,"o":{"s":"MATICUSDT","c":"x-yIXKfZTSSXh7qrFEBiE9Lls638fK5","S":"SELL","o":"LIMIT","f":"GTC","q":"130","p":"0.61347","ap":"0","sp":"0","x":"CANCELED","X":"CANCELED","i":9819634218,"l":"0","z":"0","L":"0","T":1619537577634,"t":0,"b":"479.00909","a":"81.47414","m":false,"R":false,"wt":"CONTRACT_PRICE","ot":"LIMIT","ps":"BOTH","cp":false,"rp":"0","pP":false,"si":0,"ss":0}}
17:32:58.361   [S1] 17:32:58.361  {"e":"ORDER_TRADE_UPDATE","T":1619537578201,"E":1619537578205,"o":{"s":"MATICUSDT","c":"x-yIXKfZTSSpLSox1I2H4q4kbHKSYia","S":"SELL","o":"LIMIT","f":"GTC","q":"130","p":"0.61332","ap":"0","sp":"0","x":"NEW","X":"NEW","i":9819636317,"l":"0","z":"0","L":"0","T":1619537578201,"t":0,"b":"479.00909","a":"161.20574","m":false,"R":false,"wt":"CONTRACT_PRICE","ot":"LIMIT","ps":"BOTH","cp":false,"rp":"0","pP":false,"si":0,"ss":0}}
17:33:00.603   [S1] 17:33:00.603  {"e":"ORDER_TRADE_UPDATE","T":1619537580443,"E":1619537580448,"o":{"s":"MATICUSDT","c":"x-yIXKfZTSSpLSox1I2H4q4kbHKSYia","S":"SELL","o":"LIMIT","f":"GTC","q":"130","p":"0.61332","ap":"0","sp":"0","x":"CANCELED","X":"CANCELED","i":9819636317,"l":"0","z":"0","L":"0","T":1619537580443,"t":0,"b":"479.00909","a":"81.47414","m":false,"R":false,"wt":"CONTRACT_PRICE","ot":"LIMIT","ps":"BOTH","cp":false,"rp":"0","pP":false,"si":0,"ss":0}}
17:33:01.235   [S1] 17:33:01.235  {"e":"ORDER_TRADE_UPDATE","T":1619537581054,"E":1619537581058,"o":{"s":"MATICUSDT","c":"x-yIXKfZTSS4auMsy6BugLhVZZOjn66","S":"SELL","o":"LIMIT","f":"GTC","q":"130","p":"0.61337","ap":"0","sp":"0","x":"NEW","X":"NEW","i":9819637293,"l":"0","z":"0","L":"0","T":1619537581054,"t":0,"b":"479.00909","a":"161.21224","m":false,"R":false,"wt":"CONTRACT_PRICE","ot":"LIMIT","ps":"BOTH","cp":false,"rp":"0","pP":false,"si":0,"ss":0}}
17:33:08.779   [S1] 17:33:08.779  {"e":"ORDER_TRADE_UPDATE","T":1619537588581,"E":1619537588585,"o":{"s":"MATICUSDT","c":"x-yIXKfZTSS4auMsy6BugLhVZZOjn66","S":"SELL","o":"LIMIT","f":"GTC","q":"130","p":"0.61337","ap":"0","sp":"0","x":"CANCELED","X":"CANCELED","i":9819637293,"l":"0","z":"0","L":"0","T":1619537588581,"t":0,"b":"479.00909","a":"81.47414","m":false,"R":false,"wt":"CONTRACT_PRICE","ot":"LIMIT","ps":"BOTH","cp":false,"rp":"0","pP":false,"si":0,"ss":0}}
17:33:09.314   [S1] 17:33:09.314  {"e":"ORDER_TRADE_UPDATE","T":1619537589151,"E":1619537589158,"o":{"s":"MATICUSDT","c":"x-yIXKfZTSSUkOmfFHyiklAttx8s2p9","S":"SELL","o":"LIMIT","f":"GTC","q":"130","p":"0.61503","ap":"0","sp":"0","x":"NEW","X":"NEW","i":9819640068,"l":"0","z":"0","L":"0","T":1619537589151,"t":0,"b":"479.00909","a":"161.42804","m":false,"R":false,"wt":"CONTRACT_PRICE","ot":"LIMIT","ps":"BOTH","cp":false,"rp":"0","pP":false,"si":0,"ss":0}}
17:33:11.333   [S1] 17:33:11.333  {"e":"ORDER_TRADE_UPDATE","T":1619537591173,"E":1619537591178,"o":{"s":"MATICUSDT","c":"x-yIXKfZTSSUkOmfFHyiklAttx8s2p9","S":"SELL","o":"LIMIT","f":"GTC","q":"130","p":"0.61503","ap":"0","sp":"0","x":"CANCELED","X":"CANCELED","i":9819640068,"l":"0","z":"0","L":"0","T":1619537591173,"t":0,"b":"479.00909","a":"81.47414","m":false,"R":false,"wt":"CONTRACT_PRICE","ot":"LIMIT","ps":"BOTH","cp":false,"rp":"0","pP":false,"si":0,"ss":0}}
17:33:11.853   [S1] 17:33:11.853  {"e":"ORDER_TRADE_UPDATE","T":1619537591690,"E":1619537591695,"o":{"s":"MATICUSDT","c":"x-yIXKfZTSSz5zST1IuEBx6TePzYBFj","S":"SELL","o":"LIMIT","f":"GTC","q":"130","p":"0.61330","ap":"0","sp":"0","x":"NEW","X":"NEW","i":9819640903,"l":"0","z":"0","L":"0","T":1619537591690,"t":0,"b":"479.00909","a":"161.20314","m":false,"R":false,"wt":"CONTRACT_PRICE","ot":"LIMIT","ps":"BOTH","cp":false,"rp":"0","pP":false,"si":0,"ss":0}}
17:33:15.577   [S1] 17:33:15.577  {"e":"ORDER_TRADE_UPDATE","T":1619537595414,"E":1619537595419,"o":{"s":"MATICUSDT","c":"x-yIXKfZTSS4cFDOmHT0C9NSiGdsAy1","S":"SELL","o":"LIMIT","f":"GTC","q":"131","p":"0.62194","ap":"0","sp":"0","x":"CANCELED","X":"CANCELED","i":9819608987,"l":"0","z":"0","L":"0","T":1619537595414,"t":0,"b":"479.00909","a":"79.72900","m":false,"R":false,"wt":"CONTRACT_PRICE","ot":"LIMIT","ps":"BOTH","cp":false,"rp":"0","pP":false,"si":0,"ss":0}}
17:33:16.094   [S1] 17:33:16.094  {"e":"ORDER_TRADE_UPDATE","T":1619537595934,"E":1619537595938,"o":{"s":"MATICUSDT","c":"x-yIXKfZTSSkeLMXDCSEdQGHnIejhpb","S":"SELL","o":"LIMIT","f":"GTC","q":"131","p":"0.61617","ap":"0","sp":"0","x":"NEW","X":"NEW","i":9819642103,"l":"0","z":"0","L":"0","T":1619537595934,"t":0,"b":"479.00909","a":"160.44727","m":false,"R":false,"wt":"CONTRACT_PRICE","ot":"LIMIT","ps":"BOTH","cp":false,"rp":"0","pP":false,"si":0,"ss":0}}
17:33:17.695   [S1] 17:33:17.695  {"e":"ORDER_TRADE_UPDATE","T":1619537597461,"E":1619537597465,"o":{"s":"MATICUSDT","c":"x-yIXKfZTSSz5zST1IuEBx6TePzYBFj","S":"SELL","o":"LIMIT","f":"GTC","q":"130","p":"0.61330","ap":"0","sp":"0","x":"CANCELED","X":"CANCELED","i":9819640903,"l":"0","z":"0","L":"0","T":1619537597461,"t":0,"b":"479.00909","a":"80.71827","m":false,"R":false,"wt":"CONTRACT_PRICE","ot":"LIMIT","ps":"BOTH","cp":false,"rp":"0","pP":false,"si":0,"ss":0}}
17:33:17.823   [S1] 17:33:17.823  {"e":"ORDER_TRADE_UPDATE","T":1619537597657,"E":1619537597662,"o":{"s":"ZRXUSDT","c":"x-yIXKfZTSMzBzJlLtAWYFXyWbsgxdz","S":"SELL","o":"LIMIT","f":"GTC","q":"5.7","p":"1.7534","ap":"0","sp":"0","x":"NEW","X":"NEW","i":3042944687,"l":"0","z":"0","L":"0","T":1619537597657,"t":0,"b":"0","a":"0","m":false,"R":false,"wt":"CONTRACT_PRICE","ot":"LIMIT","ps":"BOTH","cp":false,"rp":"0","pP":false,"si":0,"ss":0}}
17:33:17.823  {"e":"ACCOUNT_UPDATE","T":1619537597657,"E":1619537597662,"a":{"B":[{"a":"USDT","wb":"62.78929773","cw":"62.78929773","bc":"0"}],"P":[{"s":"ZRXUSDT","pa":"-5.7","ep":"1.75820","cr":"21.33558000","up":"-0.01881000","mt":"cross","iw":"0","ps":"BOTH","ma":"USDT"}],"m":"ORDER"}}
17:33:17.824   [S1] 17:33:17.824  {"e":"ORDER_TRADE_UPDATE","T":1619537597657,"E":1619537597662,"o":{"s":"ZRXUSDT","c":"x-yIXKfZTSMzBzJlLtAWYFXyWbsgxdz","S":"SELL","o":"LIMIT","f":"GTC","q":"5.7","p":"1.7534","ap":"1.75820","sp":"0","x":"TRADE","X":"FILLED","i":3042944687,"l":"5.7","z":"5.7","L":"1.7582","n":"0.00400869","N":"USDT","T":1619537597657,"t":34426334,"b":"0","a":"0","m":false,"R":false,"wt":"CONTRACT_PRICE","ot":"LIMIT","ps":"BOTH","cp":false,"rp":"0","pP":false,"si":0,"ss":0}}
17:33:18.142   [S1] 17:33:18.142  {"e":"ORDER_TRADE_UPDATE","T":1619537597981,"E":1619537597985,"o":{"s":"MATICUSDT","c":"x-yIXKfZTSSRBjAqnnqzmmSVsJPQ6YM","S":"SELL","o":"LIMIT","f":"GTC","q":"130","p":"0.61124","ap":"0","sp":"0","x":"NEW","X":"NEW","i":9819642709,"l":"0","z":"0","L":"0","T":1619537597981,"t":0,"b":"479.00909","a":"160.17947","m":false,"R":false,"wt":"CONTRACT_PRICE","ot":"LIMIT","ps":"BOTH","cp":false,"rp":"0","pP":false,"si":0,"ss":0}}
17:33:18.443   [S1] 17:33:18.443  {"e":"ORDER_TRADE_UPDATE","T":1619537598283,"E":1619537598288,"o":{"s":"ZRXUSDT","c":"x-yIXKfZTSS9M0JRxlUaIenuQrG09wy","S":"BUY","o":"LIMIT","f":"GTC","q":"5.7","p":"1.6750","ap":"0","sp":"0","x":"NEW","X":"NEW","i":3042945072,"l":"0","z":"0","L":"0","T":1619537598283,"t":0,"b":"9.54750","a":"0","m":false,"R":false,"wt":"CONTRACT_PRICE","ot":"LIMIT","ps":"BOTH","cp":false,"rp":"0","pP":false,"si":0,"ss":0}}
17:33:21.853   [S1] 17:33:21.853  {"e":"ORDER_TRADE_UPDATE","T":1619537601692,"E":1619537601698,"o":{"s":"MATICUSDT","c":"x-yIXKfZTSSRBjAqnnqzmmSVsJPQ6YM","S":"SELL","o":"LIMIT","f":"GTC","q":"130","p":"0.61124","ap":"0","sp":"0","x":"CANCELED","X":"CANCELED","i":9819642709,"l":"0","z":"0","L":"0","T":1619537601692,"t":0,"b":"479.00909","a":"80.71827","m":false,"R":false,"wt":"CONTRACT_PRICE","ot":"LIMIT","ps":"BOTH","cp":false,"rp":"0","pP":false,"si":0,"ss":0}}
17:33:22.375   [S1] 17:33:22.375  {"e":"ORDER_TRADE_UPDATE","T":1619537602213,"E":1619537602218,"o":{"s":"MATICUSDT","c":"x-yIXKfZTSSdDNajq1l7LMOuty7UKI2","S":"SELL","o":"LIMIT","f":"GTC","q":"130","p":"0.61347","ap":"0","sp":"0","x":"NEW","X":"NEW","i":9819644407,"l":"0","z":"0","L":"0","T":1619537602213,"t":0,"b":"479.00909","a":"160.46937","m":false,"R":false,"wt":"CONTRACT_PRICE","ot":"LIMIT","ps":"BOTH","cp":false,"rp":"0","pP":false,"si":0,"ss":0}}
17:33:25.495   [S1] 17:33:25.495  {"e":"ORDER_TRADE_UPDATE","T":1619537605337,"E":1619537605340,"o":{"s":"ZRXUSDT","c":"x-yIXKfZTSS9M0JRxlUaIenuQrG09wy","S":"BUY","o":"LIMIT","f":"GTC","q":"5.7","p":"1.6750","ap":"0","sp":"0","x":"CANCELED","X":"CANCELED","i":3042945072,"l":"0","z":"0","L":"0","T":1619537605337,"t":0,"b":"0","a":"0","m":false,"R":false,"wt":"CONTRACT_PRICE","ot":"LIMIT","ps":"BOTH","cp":false,"rp":"0","pP":false,"si":0,"ss":0}}
17:33:26.078   [S1] 17:33:26.078  {"e":"ORDER_TRADE_UPDATE","T":1619537605917,"E":1619537605922,"o":{"s":"ZRXUSDT","c":"x-yIXKfZTSShjLmK5vg618aVAvxvcpc","S":"BUY","o":"LIMIT","f":"GTC","q":"5.7","p":"1.7457","ap":"0","sp":"0","x":"NEW","X":"NEW","i":3042947386,"l":"0","z":"0","L":"0","T":1619537605917,"t":0,"b":"9.95049","a":"0","m":false,"R":false,"wt":"CONTRACT_PRICE","ot":"LIMIT","ps":"BOTH","cp":false,"rp":"0","pP":false,"si":0,"ss":0}}
17:33:30.941   [S1] 17:33:30.941  {"e":"ORDER_TRADE_UPDATE","T":1619537610781,"E":1619537610786,"o":{"s":"ZRXUSDT","c":"x-yIXKfZTSShjLmK5vg618aVAvxvcpc","S":"BUY","o":"LIMIT","f":"GTC","q":"5.7","p":"1.7457","ap":"0","sp":"0","x":"CANCELED","X":"CANCELED","i":3042947386,"l":"0","z":"0","L":"0","T":1619537610781,"t":0,"b":"0","a":"0","m":false,"R":false,"wt":"CONTRACT_PRICE","ot":"LIMIT","ps":"BOTH","cp":false,"rp":"0","pP":false,"si":0,"ss":0}}
17:33:31.507   [S1] 17:33:31.507  {"e":"ORDER_TRADE_UPDATE","T":1619537611342,"E":1619537611346,"o":{"s":"ZRXUSDT","c":"x-yIXKfZTSSXoQ0J0gKFOOEhJ3lkOSN","S":"BUY","o":"LIMIT","f":"GTC","q":"5.7","p":"1.7562","ap":"0","sp":"0","x":"NEW","X":"NEW","i":3042948435,"l":"0","z":"0","L":"0","T":1619537611342,"t":0,"b":"0","a":"0","m":false,"R":false,"wt":"CONTRACT_PRICE","ot":"LIMIT","ps":"BOTH","cp":false,"rp":"0","pP":false,"si":0,"ss":0}}
17:33:31.507  {"e":"ACCOUNT_UPDATE","T":1619537611342,"E":1619537611346,"a":{"B":[{"a":"USDT","wb":"62.80524702","cw":"62.80524702","bc":"0"}],"P":[{"s":"ZRXUSDT","pa":"0","ep":"0.00000","cr":"21.35553000","up":"0","mt":"cross","iw":"0","ps":"BOTH","ma":"USDT"}],"m":"ORDER"}}
17:33:31.508   [S1] 17:33:31.508  {"e":"ORDER_TRADE_UPDATE","T":1619537611342,"E":1619537611346,"o":{"s":"ZRXUSDT","c":"x-yIXKfZTSSXoQ0J0gKFOOEhJ3lkOSN","S":"BUY","o":"LIMIT","f":"GTC","q":"5.7","p":"1.7562","ap":"1.75470","sp":"0","x":"TRADE","X":"FILLED","i":3042948435,"l":"5.7","z":"5.7","L":"1.7547","n":"0.00400071","N":"USDT","T":1619537611342,"t":34426562,"b":"0","a":"0","m":false,"R":false,"wt":"CONTRACT_PRICE","ot":"LIMIT","ps":"BOTH","cp":false,"rp":"0.01995000","pP":false,"si":0,"ss":0}}
17:33:44.389   [S1] 17:33:44.389  {"e":"ORDER_TRADE_UPDATE","T":1619537624228,"E":1619537624234,"o":{"s":"MATICUSDT","c":"x-yIXKfZTSSdDNajq1l7LMOuty7UKI2","S":"SELL","o":"LIMIT","f":"GTC","q":"130","p":"0.61347","ap":"0","sp":"0","x":"CANCELED","X":"CANCELED","i":9819644407,"l":"0","z":"0","L":"0","T":1619537624228,"t":0,"b":"479.00909","a":"80.71827","m":false,"R":false,"wt":"CONTRACT_PRICE","ot":"LIMIT","ps":"BOTH","cp":false,"rp":"0","pP":false,"si":0,"ss":0}}
17:33:45.057   [S1] 17:33:45.057  {"e":"ORDER_TRADE_UPDATE","T":1619537624893,"E":1619537624898,"o":{"s":"MATICUSDT","c":"x-yIXKfZTSSmeH69DGw9GOnClKcHGl9","S":"SELL","o":"LIMIT","f":"GTC","q":"130","p":"0.61377","ap":"0","sp":"0","x":"NEW","X":"NEW","i":9819651150,"l":"0","z":"0","L":"0","T":1619537624893,"t":0,"b":"479.00909","a":"160.50837","m":false,"R":false,"wt":"CONTRACT_PRICE","ot":"LIMIT","ps":"BOTH","cp":false,"rp":"0","pP":false,"si":0,"ss":0}}
17:33:55.183   [S1] 17:33:55.183  {"e":"ORDER_TRADE_UPDATE","T":1619537635018,"E":1619537635022,"o":{"s":"MATICUSDT","c":"x-yIXKfZTSSmeH69DGw9GOnClKcHGl9","S":"SELL","o":"LIMIT","f":"GTC","q":"130","p":"0.61377","ap":"0","sp":"0","x":"CANCELED","X":"CANCELED","i":9819651150,"l":"0","z":"0","L":"0","T":1619537635018,"t":0,"b":"479.00909","a":"80.71827","m":false,"R":false,"wt":"CONTRACT_PRICE","ot":"LIMIT","ps":"BOTH","cp":false,"rp":"0","pP":false,"si":0,"ss":0}}
17:33:55.708   [S1] 17:33:55.708  {"e":"ORDER_TRADE_UPDATE","T":1619537635546,"E":1619537635551,"o":{"s":"MATICUSDT","c":"x-yIXKfZTSSjAKRnU28jBLOOlejnN8e","S":"SELL","o":"LIMIT","f":"GTC","q":"130","p":"0.61815","ap":"0","sp":"0","x":"NEW","X":"NEW","i":9819654357,"l":"0","z":"0","L":"0","T":1619537635546,"t":0,"b":"479.00909","a":"161.07777","m":false,"R":false,"wt":"CONTRACT_PRICE","ot":"LIMIT","ps":"BOTH","cp":false,"rp":"0","pP":false,"si":0,"ss":0}}
17:33:58.757   [S1] 17:33:58.757  {"e":"ORDER_TRADE_UPDATE","T":1619537638588,"E":1619537638593,"o":{"s":"MATICUSDT","c":"x-yIXKfZTSSkeLMXDCSEdQGHnIejhpb","S":"SELL","o":"LIMIT","f":"GTC","q":"131","p":"0.61617","ap":"0","sp":"0","x":"CANCELED","X":"CANCELED","i":9819642103,"l":"0","z":"0","L":"0","T":1619537638588,"t":0,"b":"479.00909","a":"80.35950","m":false,"R":false,"wt":"CONTRACT_PRICE","ot":"LIMIT","ps":"BOTH","cp":false,"rp":"0","pP":false,"si":0,"ss":0}}
17:33:59.294   [S1] 17:33:59.294  {"e":"ORDER_TRADE_UPDATE","T":1619537639134,"E":1619537639139,"o":{"s":"MATICUSDT","c":"x-yIXKfZTSSjG5rRQwGuMVJlpqcHoke","S":"SELL","o":"LIMIT","f":"GTC","q":"131","p":"0.61496","ap":"0","sp":"0","x":"NEW","X":"NEW","i":9819655436,"l":"0","z":"0","L":"0","T":1619537639134,"t":0,"b":"479.00909","a":"160.91926","m":false,"R":false,"wt":"CONTRACT_PRICE","ot":"LIMIT","ps":"BOTH","cp":false,"rp":"0","pP":false,"si":0,"ss":0}}
17:34:01.589   [S1] 17:34:01.589  {"e":"ORDER_TRADE_UPDATE","T":1619537641427,"E":1619537641431,"o":{"s":"MATICUSDT","c":"x-yIXKfZTSSjG5rRQwGuMVJlpqcHoke","S":"SELL","o":"LIMIT","f":"GTC","q":"131","p":"0.61496","ap":"0","sp":"0","x":"CANCELED","X":"CANCELED","i":9819655436,"l":"0","z":"0","L":"0","T":1619537641427,"t":0,"b":"479.00909","a":"80.35950","m":false,"R":false,"wt":"CONTRACT_PRICE","ot":"LIMIT","ps":"BOTH","cp":false,"rp":"0","pP":false,"si":0,"ss":0}}
17:34:02.137   [S1] 17:34:02.137  {"e":"ORDER_TRADE_UPDATE","T":1619537641965,"E":1619537641970,"o":{"s":"MATICUSDT","c":"x-yIXKfZTSSt3uPEUEN2FLCm3P6BRfU","S":"SELL","o":"LIMIT","f":"GTC","q":"131","p":"0.62066","ap":"0","sp":"0","x":"NEW","X":"NEW","i":9819656544,"l":"0","z":"0","L":"0","T":1619537641965,"t":0,"b":"479.00909","a":"161.66596","m":false,"R":false,"wt":"CONTRACT_PRICE","ot":"LIMIT","ps":"BOTH","cp":false,"rp":"0","pP":false,"si":0,"ss":0}}
17:34:13.724   [S1] 17:34:13.724  {"e":"ORDER_TRADE_UPDATE","T":1619537653565,"E":1619537653569,"o":{"s":"MATICUSDT","c":"x-yIXKfZTSSjAKRnU28jBLOOlejnN8e","S":"SELL","o":"LIMIT","f":"GTC","q":"130","p":"0.61815","ap":"0","sp":"0","x":"CANCELED","X":"CANCELED","i":9819654357,"l":"0","z":"0","L":"0","T":1619537653565,"t":0,"b":"479.00909","a":"81.30646","m":false,"R":false,"wt":"CONTRACT_PRICE","ot":"LIMIT","ps":"BOTH","cp":false,"rp":"0","pP":false,"si":0,"ss":0}}
17:34:14.711   [S1] 17:34:14.711  {"e":"ORDER_TRADE_UPDATE","T":1619537654519,"E":1619537654524,"o":{"s":"MATICUSDT","c":"x-yIXKfZTSSHj5KsIj7yvc5uQGLcXHt","S":"SELL","o":"LIMIT","f":"GTC","q":"130","p":"0.61706","ap":"0","sp":"0","x":"NEW","X":"NEW","i":9819659701,"l":"0","z":"0","L":"0","T":1619537654519,"t":0,"b":"479.00909","a":"161.52426","m":false,"R":false,"wt":"CONTRACT_PRICE","ot":"LIMIT","ps":"BOTH","cp":false,"rp":"0","pP":false,"si":0,"ss":0}}
17:34:27.178   [S1] 17:34:27.178  {"e":"ORDER_TRADE_UPDATE","T":1619537667015,"E":1619537667021,"o":{"s":"MATICUSDT","c":"x-yIXKfZTSSHj5KsIj7yvc5uQGLcXHt","S":"SELL","o":"LIMIT","f":"GTC","q":"130","p":"0.61706","ap":"0","sp":"0","x":"CANCELED","X":"CANCELED","i":9819659701,"l":"0","z":"0","L":"0","T":1619537667015,"t":0,"b":"479.00909","a":"81.30646","m":false,"R":false,"wt":"CONTRACT_PRICE","ot":"LIMIT","ps":"BOTH","cp":false,"rp":"0","pP":false,"si":0,"ss":0}}
17:34:27.701   [S1] 17:34:27.701  {"e":"ORDER_TRADE_UPDATE","T":1619537667538,"E":1619537667543,"o":{"s":"MATICUSDT","c":"x-yIXKfZTSSS7K0F61AUr9Sbj4JCDGJ","S":"SELL","o":"LIMIT","f":"GTC","q":"130","p":"0.61354","ap":"0","sp":"0","x":"NEW","X":"NEW","i":9819662973,"l":"0","z":"0","L":"0","T":1619537667538,"t":0,"b":"479.00909","a":"161.06666","m":false,"R":false,"wt":"CONTRACT_PRICE","ot":"LIMIT","ps":"BOTH","cp":false,"rp":"0","pP":false,"si":0,"ss":0}}
17:34:28.421   [S1] 17:34:28.421  {"e":"ORDER_TRADE_UPDATE","T":1619537668249,"E":1619537668254,"o":{"s":"ALICEUSDT","c":"x-yIXKfZTSM2JzVEPBvMrcFA0YBSkSy","S":"BUY","o":"LIMIT","f":"GTC","q":"1","p":"10.390","ap":"0","sp":"0","x":"NEW","X":"NEW","i":183293334,"l":"0","z":"0","L":"0","T":1619537668249,"t":0,"b":"10.3900","a":"0","m":false,"R":false,"wt":"CONTRACT_PRICE","ot":"LIMIT","ps":"BOTH","cp":false,"rp":"0","pP":false,"si":0,"ss":0}}
17:34:29.957   [S1] 17:34:29.957  {"e":"ORDER_TRADE_UPDATE","T":1619537669796,"E":1619537669801,"o":{"s":"ALICEUSDT","c":"x-yIXKfZTSM2JzVEPBvMrcFA0YBSkSy","S":"BUY","o":"LIMIT","f":"GTC","q":"1","p":"10.390","ap":"0","sp":"0","x":"CANCELED","X":"CANCELED","i":183293334,"l":"0","z":"0","L":"0","T":1619537669796,"t":0,"b":"0","a":"0","m":false,"R":false,"wt":"CONTRACT_PRICE","ot":"LIMIT","ps":"BOTH","cp":false,"rp":"0","pP":false,"si":0,"ss":0}}
17:34:30.503   [S1] 17:34:30.503  {"e":"ORDER_TRADE_UPDATE","T":1619537670342,"E":1619537670347,"o":{"s":"ALICEUSDT","c":"x-yIXKfZTSMb6ra6E2Vy7V9RZsBGmdH","S":"BUY","o":"LIMIT","f":"GTC","q":"1","p":"10.392","ap":"0","sp":"0","x":"NEW","X":"NEW","i":183293401,"l":"0","z":"0","L":"0","T":1619537670342,"t":0,"b":"10.3920","a":"0","m":false,"R":false,"wt":"CONTRACT_PRICE","ot":"LIMIT","ps":"BOTH","cp":false,"rp":"0","pP":false,"si":0,"ss":0}}
17:34:31.886   [S1] 17:34:31.886  {"e":"ORDER_TRADE_UPDATE","T":1619537671725,"E":1619537671728,"o":{"s":"ALICEUSDT","c":"x-yIXKfZTSMb6ra6E2Vy7V9RZsBGmdH","S":"BUY","o":"LIMIT","f":"GTC","q":"1","p":"10.392","ap":"0","sp":"0","x":"CANCELED","X":"CANCELED","i":183293401,"l":"0","z":"0","L":"0","T":1619537671725,"t":0,"b":"0","a":"0","m":false,"R":false,"wt":"CONTRACT_PRICE","ot":"LIMIT","ps":"BOTH","cp":false,"rp":"0","pP":false,"si":0,"ss":0}}
17:34:32.458   [S1] 17:34:32.458  {"e":"ORDER_TRADE_UPDATE","T":1619537672287,"E":1619537672293,"o":{"s":"ALICEUSDT","c":"x-yIXKfZTSMSOzhV1IyN2YwN6O0Pc3Q","S":"BUY","o":"LIMIT","f":"GTC","q":"1","p":"10.394","ap":"0","sp":"0","x":"NEW","X":"NEW","i":183293741,"l":"0","z":"0","L":"0","T":1619537672287,"t":0,"b":"0","a":"0","m":false,"R":false,"wt":"CONTRACT_PRICE","ot":"LIMIT","ps":"BOTH","cp":false,"rp":"0","pP":false,"si":0,"ss":0}}
17:34:32.458  {"e":"ACCOUNT_UPDATE","T":1619537672287,"E":1619537672293,"a":{"B":[{"a":"USDT","wb":"62.80109822","cw":"62.80109822","bc":"0"}],"P":[{"s":"ALICEUSDT","pa":"1","ep":"10.3720","cr":"4.09060002","up":"0.03016428","mt":"cross","iw":"0","ps":"BOTH","ma":"USDT"}],"m":"ORDER"}}
17:34:32.458   [S1] 17:34:32.458  {"e":"ORDER_TRADE_UPDATE","T":1619537672287,"E":1619537672293,"o":{"s":"ALICEUSDT","c":"x-yIXKfZTSMSOzhV1IyN2YwN6O0Pc3Q","S":"BUY","o":"LIMIT","f":"GTC","q":"1","p":"10.394","ap":"10.3720","sp":"0","x":"TRADE","X":"FILLED","i":183293741,"l":"1","z":"1","L":"10.372","n":"0.00414880","N":"USDT","T":1619537672287,"t":10280326,"b":"0","a":"0","m":false,"R":false,"wt":"CONTRACT_PRICE","ot":"LIMIT","ps":"BOTH","cp":false,"rp":"0","pP":false,"si":0,"ss":0}}
17:34:33.028   [S1] 17:34:33.028  {"e":"ORDER_TRADE_UPDATE","T":1619537672867,"E":1619537672873,"o":{"s":"ALICEUSDT","c":"x-yIXKfZTSS9RKx5R7kcjCA7DFlcO0i","S":"SELL","o":"LIMIT","f":"GTC","q":"1","p":"10.726","ap":"0","sp":"0","x":"NEW","X":"NEW","i":183293937,"l":"0","z":"0","L":"0","T":1619537672867,"t":0,"b":"0","a":"10.7260","m":false,"R":false,"wt":"CONTRACT_PRICE","ot":"LIMIT","ps":"BOTH","cp":false,"rp":"0","pP":false,"si":0,"ss":0}}
17:34:41.239   [S1] 17:34:41.239  {"e":"ORDER_TRADE_UPDATE","T":1619537681068,"E":1619537681074,"o":{"s":"MATICUSDT","c":"x-yIXKfZTSSS7K0F61AUr9Sbj4JCDGJ","S":"SELL","o":"LIMIT","f":"GTC","q":"130","p":"0.61354","ap":"0","sp":"0","x":"CANCELED","X":"CANCELED","i":9819662973,"l":"0","z":"0","L":"0","T":1619537681068,"t":0,"b":"479.00909","a":"81.30646","m":false,"R":false,"wt":"CONTRACT_PRICE","ot":"LIMIT","ps":"BOTH","cp":false,"rp":"0","pP":false,"si":0,"ss":0}}
17:34:41.758   [S1] 17:34:41.758  {"e":"ORDER_TRADE_UPDATE","T":1619537681588,"E":1619537681594,"o":{"s":"MATICUSDT","c":"x-yIXKfZTSSqBEBZDANlzWJdS9q8Bik","S":"SELL","o":"LIMIT","f":"GTC","q":"130","p":"0.61359","ap":"0","sp":"0","x":"NEW","X":"NEW","i":9819666487,"l":"0","z":"0","L":"0","T":1619537681588,"t":0,"b":"479.00909","a":"161.07316","m":false,"R":false,"wt":"CONTRACT_PRICE","ot":"LIMIT","ps":"BOTH","cp":false,"rp":"0","pP":false,"si":0,"ss":0}}
17:34:42.377   [S1] 17:34:42.377  {"e":"ORDER_TRADE_UPDATE","T":1619537682209,"E":1619537682215,"o":{"s":"MATICUSDT","c":"x-yIXKfZTSMtfQO3ze7lbSLS9TRyJUo","S":"BUY","o":"LIMIT","f":"GTC","q":"396","p":"0.60484","ap":"0","sp":"0","x":"CANCELED","X":"CANCELED","i":9819616515,"l":"0","z":"0","L":"0","T":1619537682209,"t":0,"b":"239.49245","a":"161.07316","m":false,"R":false,"wt":"CONTRACT_PRICE","ot":"LIMIT","ps":"BOTH","cp":false,"rp":"0","pP":false,"si":0,"ss":0}}
17:34:42.382   [S1] 17:34:42.382  {"e":"ORDER_TRADE_UPDATE","T":1619537682221,"E":1619537682224,"o":{"s":"MATICUSDT","c":"x-yIXKfZTSM2kPZiR25uDj7yA2BtsFL","S":"BUY","o":"LIMIT","f":"GTC","q":"395","p":"0.60631","ap":"0","sp":"0","x":"CANCELED","X":"CANCELED","i":9819615101,"l":"0","z":"0","L":"0","T":1619537682221,"t":0,"b":"0","a":"161.07316","m":false,"R":false,"wt":"CONTRACT_PRICE","ot":"LIMIT","ps":"BOTH","cp":false,"rp":"0","pP":false,"si":0,"ss":0}}
17:34:43.586   [S1] 17:34:43.586  {"e":"ORDER_TRADE_UPDATE","T":1619537683424,"E":1619537683430,"o":{"s":"ALICEUSDT","c":"x-yIXKfZTSS9RKx5R7kcjCA7DFlcO0i","S":"SELL","o":"LIMIT","f":"GTC","q":"1","p":"10.726","ap":"0","sp":"0","x":"CANCELED","X":"CANCELED","i":183293937,"l":"0","z":"0","L":"0","T":1619537683424,"t":0,"b":"0","a":"0","m":false,"R":false,"wt":"CONTRACT_PRICE","ot":"LIMIT","ps":"BOTH","cp":false,"rp":"0","pP":false,"si":0,"ss":0}}
17:34:44.137   [S1] 17:34:44.137  {"e":"ORDER_TRADE_UPDATE","T":1619537683976,"E":1619537683982,"o":{"s":"ALICEUSDT","c":"x-yIXKfZTSS1o4peCkhiU4nG9I8ueOg","S":"SELL","o":"LIMIT","f":"GTC","q":"1","p":"10.397","ap":"0","sp":"0","x":"NEW","X":"NEW","i":183295436,"l":"0","z":"0","L":"0","T":1619537683976,"t":0,"b":"0","a":"10.3970","m":false,"R":false,"wt":"CONTRACT_PRICE","ot":"LIMIT","ps":"BOTH","cp":false,"rp":"0","pP":false,"si":0,"ss":0}}
17:34:44.465  {"e":"ACCOUNT_UPDATE","T":1619537684302,"E":1619537684306,"a":{"B":[{"a":"USDT","wb":"62.82401882","cw":"62.82401882","bc":"0"}],"P":[{"s":"ALICEUSDT","pa":"0","ep":"0.0000","cr":"4.11560002","up":"0","mt":"cross","iw":"0","ps":"BOTH","ma":"USDT"}],"m":"ORDER"}}
17:34:44.465   [S1] 17:34:44.465  {"e":"ORDER_TRADE_UPDATE","T":1619537684302,"E":1619537684306,"o":{"s":"ALICEUSDT","c":"x-yIXKfZTSS1o4peCkhiU4nG9I8ueOg","S":"SELL","o":"LIMIT","f":"GTC","q":"1","p":"10.397","ap":"10.3970","sp":"0","x":"TRADE","X":"FILLED","i":183295436,"l":"1","z":"1","L":"10.397","n":"0.00207940","N":"USDT","T":1619537684302,"t":10280437,"b":"0","a":"0","m":true,"R":false,"wt":"CONTRACT_PRICE","ot":"LIMIT","ps":"BOTH","cp":false,"rp":"0.02500000","pP":false,"si":0,"ss":0}}
17:34:47.939   [S1] 17:34:47.939  {"e":"ORDER_TRADE_UPDATE","T":1619537687772,"E":1619537687776,"o":{"s":"MATICUSDT","c":"x-yIXKfZTSSqBEBZDANlzWJdS9q8Bik","S":"SELL","o":"LIMIT","f":"GTC","q":"130","p":"0.61359","ap":"0","sp":"0","x":"CANCELED","X":"CANCELED","i":9819666487,"l":"0","z":"0","L":"0","T":1619537687772,"t":0,"b":"0","a":"81.30646","m":false,"R":false,"wt":"CONTRACT_PRICE","ot":"LIMIT","ps":"BOTH","cp":false,"rp":"0","pP":false,"si":0,"ss":0}}
17:34:48.468   [S1] 17:34:48.468  {"e":"ORDER_TRADE_UPDATE","T":1619537688306,"E":1619537688312,"o":{"s":"MATICUSDT","c":"x-yIXKfZTSSpdw6v7sYUayL0FvVv8Ns","S":"SELL","o":"LIMIT","f":"GTC","q":"130","p":"0.61334","ap":"0","sp":"0","x":"NEW","X":"NEW","i":9819668588,"l":"0","z":"0","L":"0","T":1619537688306,"t":0,"b":"0","a":"161.04066","m":false,"R":false,"wt":"CONTRACT_PRICE","ot":"LIMIT","ps":"BOTH","cp":false,"rp":"0","pP":false,"si":0,"ss":0}}
17:34:51.982   [S1] 17:34:51.982  {"e":"ORDER_TRADE_UPDATE","T":1619537691822,"E":1619537691827,"o":{"s":"MATICUSDT","c":"x-yIXKfZTSSt3uPEUEN2FLCm3P6BRfU","S":"SELL","o":"LIMIT","f":"GTC","q":"131","p":"0.62066","ap":"0","sp":"0","x":"CANCELED","X":"CANCELED","i":9819656544,"l":"0","z":"0","L":"0","T":1619537691822,"t":0,"b":"0","a":"79.73419","m":false,"R":false,"wt":"CONTRACT_PRICE","ot":"LIMIT","ps":"BOTH","cp":false,"rp":"0","pP":false,"si":0,"ss":0}}
17:34:52.514   [S1] 17:34:52.514  {"e":"ORDER_TRADE_UPDATE","T":1619537692353,"E":1619537692358,"o":{"s":"MATICUSDT","c":"x-yIXKfZTSS7EWKGqzByHUeAfFrnYbO","S":"SELL","o":"LIMIT","f":"GTC","q":"131","p":"0.62044","ap":"0","sp":"0","x":"NEW","X":"NEW","i":9819670034,"l":"0","z":"0","L":"0","T":1619537692353,"t":0,"b":"0","a":"161.01184","m":false,"R":false,"wt":"CONTRACT_PRICE","ot":"LIMIT","ps":"BOTH","cp":false,"rp":"0","pP":false,"si":0,"ss":0}}
17:34:58.682   [S1] 17:34:58.682  {"e":"ORDER_TRADE_UPDATE","T":1619537698519,"E":1619537698525,"o":{"s":"MATICUSDT","c":"x-yIXKfZTSSpdw6v7sYUayL0FvVv8Ns","S":"SELL","o":"LIMIT","f":"GTC","q":"130","p":"0.61334","ap":"0","sp":"0","x":"CANCELED","X":"CANCELED","i":9819668588,"l":"0","z":"0","L":"0","T":1619537698519,"t":0,"b":"0","a":"81.27764","m":false,"R":false,"wt":"CONTRACT_PRICE","ot":"LIMIT","ps":"BOTH","cp":false,"rp":"0","pP":false,"si":0,"ss":0}}
17:34:59.202   [S1] 17:34:59.202  {"e":"ORDER_TRADE_UPDATE","T":1619537699041,"E":1619537699046,"o":{"s":"MATICUSDT","c":"x-yIXKfZTSSw0eKpPaHuZTKaJbsgmzn","S":"SELL","o":"LIMIT","f":"GTC","q":"130","p":"0.61336","ap":"0","sp":"0","x":"NEW","X":"NEW","i":9819671619,"l":"0","z":"0","L":"0","T":1619537699041,"t":0,"b":"0","a":"161.01444","m":false,"R":false,"wt":"CONTRACT_PRICE","ot":"LIMIT","ps":"BOTH","cp":false,"rp":"0","pP":false,"si":0,"ss":0}}
17:35:00.126   [S1] 17:35:00.126  {"e":"ORDER_TRADE_UPDATE","T":1619537699964,"E":1619537699969,"o":{"s":"ALICEUSDT","c":"x-yIXKfZTSMiZuE0H6Dbb4ZVNSWMeEK","S":"BUY","o":"LIMIT","f":"GTC","q":"1","p":"10.398","ap":"0","sp":"0","x":"NEW","X":"NEW","i":183297811,"l":"0","z":"0","L":"0","T":1619537699964,"t":0,"b":"10.3980","a":"0","m":false,"R":false,"wt":"CONTRACT_PRICE","ot":"LIMIT","ps":"BOTH","cp":false,"rp":"0","pP":false,"si":0,"ss":0}}
17:35:01.730   [S1] 17:35:01.730  {"e":"ORDER_TRADE_UPDATE","T":1619537701566,"E":1619537701570,"o":{"s":"ALICEUSDT","c":"x-yIXKfZTSMiZuE0H6Dbb4ZVNSWMeEK","S":"BUY","o":"LIMIT","f":"GTC","q":"1","p":"10.398","ap":"0","sp":"0","x":"CANCELED","X":"CANCELED","i":183297811,"l":"0","z":"0","L":"0","T":1619537701566,"t":0,"b":"0","a":"0","m":false,"R":false,"wt":"CONTRACT_PRICE","ot":"LIMIT","ps":"BOTH","cp":false,"rp":"0","pP":false,"si":0,"ss":0}}
17:35:02.302   [S1] 17:35:02.302  {"e":"ORDER_TRADE_UPDATE","T":1619537702140,"E":1619537702145,"o":{"s":"ALICEUSDT","c":"x-yIXKfZTSMrpxVYhxHUGg96zDbEFHG","S":"BUY","o":"LIMIT","f":"GTC","q":"1","p":"10.409","ap":"0","sp":"0","x":"NEW","X":"NEW","i":183298398,"l":"0","z":"0","L":"0","T":1619537702140,"t":0,"b":"0","a":"0","m":false,"R":false,"wt":"CONTRACT_PRICE","ot":"LIMIT","ps":"BOTH","cp":false,"rp":"0","pP":false,"si":0,"ss":0}}
17:35:02.302  {"e":"ACCOUNT_UPDATE","T":1619537702140,"E":1619537702145,"a":{"B":[{"a":"USDT","wb":"62.81985602","cw":"62.81985602","bc":"0"}],"P":[{"s":"ALICEUSDT","pa":"1","ep":"10.4070","cr":"4.11560002","up":"0.00305886","mt":"cross","iw":"0","ps":"BOTH","ma":"USDT"}],"m":"ORDER"}}
17:35:02.303   [S1] 17:35:02.303  {"e":"ORDER_TRADE_UPDATE","T":1619537702140,"E":1619537702145,"o":{"s":"ALICEUSDT","c":"x-yIXKfZTSMrpxVYhxHUGg96zDbEFHG","S":"BUY","o":"LIMIT","f":"GTC","q":"1","p":"10.409","ap":"10.4070","sp":"0","x":"TRADE","X":"FILLED","i":183298398,"l":"1","z":"1","L":"10.407","n":"0.00416280","N":"USDT","T":1619537702140,"t":10280653,"b":"0","a":"0","m":false,"R":false,"wt":"CONTRACT_PRICE","ot":"LIMIT","ps":"BOTH","cp":false,"rp":"0","pP":false,"si":0,"ss":0}}
17:35:02.895   [S1] 17:35:02.895  {"e":"ORDER_TRADE_UPDATE","T":1619537702729,"E":1619537702732,"o":{"s":"ALICEUSDT","c":"x-yIXKfZTSSlevJENgqOgaHTZjNW63y","S":"SELL","o":"LIMIT","f":"GTC","q":"1","p":"10.751","ap":"0","sp":"0","x":"NEW","X":"NEW","i":183298466,"l":"0","z":"0","L":"0","T":1619537702729,"t":0,"b":"0","a":"10.7510","m":false,"R":false,"wt":"CONTRACT_PRICE","ot":"LIMIT","ps":"BOTH","cp":false,"rp":"0","pP":false,"si":0,"ss":0}}
17:35:13.411   [S1] 17:35:13.411  {"e":"ORDER_TRADE_UPDATE","T":1619537713252,"E":1619537713255,"o":{"s":"ALICEUSDT","c":"x-yIXKfZTSSlevJENgqOgaHTZjNW63y","S":"SELL","o":"LIMIT","f":"GTC","q":"1","p":"10.751","ap":"0","sp":"0","x":"CANCELED","X":"CANCELED","i":183298466,"l":"0","z":"0","L":"0","T":1619537713252,"t":0,"b":"0","a":"0","m":false,"R":false,"wt":"CONTRACT_PRICE","ot":"LIMIT","ps":"BOTH","cp":false,"rp":"0","pP":false,"si":0,"ss":0}}
17:35:13.957   [S1] 17:35:13.957  {"e":"ORDER_TRADE_UPDATE","T":1619537713789,"E":1619537713796,"o":{"s":"ALICEUSDT","c":"x-yIXKfZTSS5P9ceL9Tz4nFc2T8NNSX","S":"SELL","o":"LIMIT","f":"GTC","q":"1","p":"10.499","ap":"0","sp":"0","x":"NEW","X":"NEW","i":183299931,"l":"0","z":"0","L":"0","T":1619537713789,"t":0,"b":"0","a":"10.4990","m":false,"R":false,"wt":"CONTRACT_PRICE","ot":"LIMIT","ps":"BOTH","cp":false,"rp":"0","pP":false,"si":0,"ss":0}}
17:35:17.898   [S1] 17:35:17.898  {"e":"ORDER_TRADE_UPDATE","T":1619537717667,"E":1619537717670,"o":{"s":"MATICUSDT","c":"x-yIXKfZTSSw0eKpPaHuZTKaJbsgmzn","S":"SELL","o":"LIMIT","f":"GTC","q":"130","p":"0.61336","ap":"0","sp":"0","x":"CANCELED","X":"CANCELED","i":9819671619,"l":"0","z":"0","L":"0","T":1619537717667,"t":0,"b":"0","a":"81.27764","m":false,"R":false,"wt":"CONTRACT_PRICE","ot":"LIMIT","ps":"BOTH","cp":false,"rp":"0","pP":false,"si":0,"ss":0}}
17:35:18.392   [S1] 17:35:18.392  {"e":"ORDER_TRADE_UPDATE","T":1619537718231,"E":1619537718235,"o":{"s":"MATICUSDT","c":"x-yIXKfZTSSTHFHczH6j4tCmKqqITAC","S":"SELL","o":"LIMIT","f":"GTC","q":"130","p":"0.61002","ap":"0","sp":"0","x":"NEW","X":"NEW","i":9819677502,"l":"0","z":"0","L":"0","T":1619537718231,"t":0,"b":"0","a":"81.27764","m":false,"R":false,"wt":"CONTRACT_PRICE","ot":"LIMIT","ps":"BOTH","cp":false,"rp":"0","pP":false,"si":0,"ss":0}}
17:35:18.392  {"e":"ACCOUNT_UPDATE","T":1619537718231,"E":1619537718235,"a":{"B":[{"a":"USDT","wb":"62.39943343","cw":"62.39943343","bc":"0"}],"P":[{"s":"MATICUSDT","pa":"131","ep":"0.61304","cr":"99.90323964","up":"-0.37204000","mt":"cross","iw":"0","ps":"BOTH","ma":"USDT"},{"s":"MATICUSDT","pa":"0","ep":"0.00000","cr":"-0.15083999","up":"0","mt":"cross","iw":"0","ps":"LONG","ma":"USDT"}],"m":"ORDER"}}
17:35:18.392   [S1] 17:35:18.392  {"e":"ORDER_TRADE_UPDATE","T":1619537718231,"E":1619537718235,"o":{"s":"MATICUSDT","c":"x-yIXKfZTSSTHFHczH6j4tCmKqqITAC","S":"SELL","o":"LIMIT","f":"GTC","q":"130","p":"0.61002","ap":"0.61005","sp":"0","x":"TRADE","X":"FILLED","i":9819677502,"l":"130","z":"130","L":"0.61005","n":"0.03172259","N":"USDT","T":1619537718231,"t":35598602,"b":"0","a":"81.27764","m":false,"R":false,"wt":"CONTRACT_PRICE","ot":"LIMIT","ps":"BOTH","cp":false,"rp":"-0.38870000","pP":false,"si":0,"ss":0}}
17:35:23.776   [S1] 17:35:23.776  {"e":"ORDER_TRADE_UPDATE","T":1619537723553,"E":1619537723559,"o":{"s":"MATICUSDT","c":"x-yIXKfZTSS7EWKGqzByHUeAfFrnYbO","S":"SELL","o":"LIMIT","f":"GTC","q":"131","p":"0.62044","ap":"0","sp":"0","x":"CANCELED","X":"CANCELED","i":9819670034,"l":"0","z":"0","L":"0","T":1619537723553,"t":0,"b":"0","a":"0","m":false,"R":false,"wt":"CONTRACT_PRICE","ot":"LIMIT","ps":"BOTH","cp":false,"rp":"0","pP":false,"si":0,"ss":0}}
17:35:24.245   [S1] 17:35:24.245  {"e":"ORDER_TRADE_UPDATE","T":1619537724081,"E":1619537724084,"o":{"s":"MATICUSDT","c":"x-yIXKfZTSS4ImTNO4VXchlZx5vshGL","S":"SELL","o":"LIMIT","f":"GTC","q":"131","p":"0.61804","ap":"0","sp":"0","x":"NEW","X":"NEW","i":9819678947,"l":"0","z":"0","L":"0","T":1619537724081,"t":0,"b":"0","a":"80.96323","m":false,"R":false,"wt":"CONTRACT_PRICE","ot":"LIMIT","ps":"BOTH","cp":false,"rp":"0","pP":false,"si":0,"ss":0}}
17:35:38.592   [S1] 17:35:38.592  {"e":"ORDER_TRADE_UPDATE","T":1619537738432,"E":1619537738434,"o":{"s":"MATICUSDT","c":"x-yIXKfZTSS4ImTNO4VXchlZx5vshGL","S":"SELL","o":"LIMIT","f":"GTC","q":"131","p":"0.61804","ap":"0","sp":"0","x":"CANCELED","X":"CANCELED","i":9819678947,"l":"0","z":"0","L":"0","T":1619537738432,"t":0,"b":"0","a":"0","m":false,"R":false,"wt":"CONTRACT_PRICE","ot":"LIMIT","ps":"BOTH","cp":false,"rp":"0","pP":false,"si":0,"ss":0}}
17:35:39.178   [S1] 17:35:39.178  {"e":"ORDER_TRADE_UPDATE","T":1619537739013,"E":1619537739020,"o":{"s":"MATICUSDT","c":"x-yIXKfZTSSGUHlXU9juRU8d7N7a4jf","S":"SELL","o":"LIMIT","f":"GTC","q":"131","p":"0.62327","ap":"0","sp":"0","x":"NEW","X":"NEW","i":9819682258,"l":"0","z":"0","L":"0","T":1619537739013,"t":0,"b":"0","a":"81.64837","m":false,"R":false,"wt":"CONTRACT_PRICE","ot":"LIMIT","ps":"BOTH","cp":false,"rp":"0","pP":false,"si":0,"ss":0}}
17:35:43.824   [S1] 17:35:43.824  {"e":"ORDER_TRADE_UPDATE","T":1619537743661,"E":1619537743666,"o":{"s":"ALICEUSDT","c":"x-yIXKfZTSS5P9ceL9Tz4nFc2T8NNSX","S":"SELL","o":"LIMIT","f":"GTC","q":"1","p":"10.499","ap":"0","sp":"0","x":"CANCELED","X":"CANCELED","i":183299931,"l":"0","z":"0","L":"0","T":1619537743661,"t":0,"b":"0","a":"0","m":false,"R":false,"wt":"CONTRACT_PRICE","ot":"LIMIT","ps":"BOTH","cp":false,"rp":"0","pP":false,"si":0,"ss":0}}
17:35:44.449   [S1] 17:35:44.449  {"e":"ORDER_TRADE_UPDATE","T":1619537744283,"E":1619537744287,"o":{"s":"ALICEUSDT","c":"x-yIXKfZTSSdypKWLJw0ylxtggs75oQ","S":"SELL","o":"LIMIT","f":"GTC","q":"1","p":"10.427","ap":"0","sp":"0","x":"NEW","X":"NEW","i":183302739,"l":"0","z":"0","L":"0","T":1619537744283,"t":0,"b":"0","a":"10.4270","m":false,"R":false,"wt":"CONTRACT_PRICE","ot":"LIMIT","ps":"BOTH","cp":false,"rp":"0","pP":false,"si":0,"ss":0}}
17:35:44.492  {"e":"ACCOUNT_UPDATE","T":1619537744332,"E":1619537744334,"a":{"B":[{"a":"USDT","wb":"62.41734804","cw":"62.41734804","bc":"0"}],"P":[{"s":"ALICEUSDT","pa":"0","ep":"0.0000","cr":"4.13560002","up":"0","mt":"cross","iw":"0","ps":"BOTH","ma":"USDT"}],"m":"ORDER"}}
17:35:44.493   [S1] 17:35:44.493  {"e":"ORDER_TRADE_UPDATE","T":1619537744332,"E":1619537744334,"o":{"s":"ALICEUSDT","c":"x-yIXKfZTSSdypKWLJw0ylxtggs75oQ","S":"SELL","o":"LIMIT","f":"GTC","q":"1","p":"10.427","ap":"10.4270","sp":"0","x":"TRADE","X":"FILLED","i":183302739,"l":"1","z":"1","L":"10.427","n":"0.00208539","N":"USDT","T":1619537744332,"t":10280902,"b":"0","a":"0","m":true,"R":false,"wt":"CONTRACT_PRICE","ot":"LIMIT","ps":"BOTH","cp":false,"rp":"0.02000000","pP":false,"si":0,"ss":0}}
17:35:44.865   [S1] 17:35:44.865  {"e":"ORDER_TRADE_UPDATE","T":1619537744627,"E":1619537744633,"o":{"s":"MATICUSDT","c":"x-yIXKfZTSSGUHlXU9juRU8d7N7a4jf","S":"SELL","o":"LIMIT","f":"GTC","q":"131","p":"0.62327","ap":"0","sp":"0","x":"CANCELED","X":"CANCELED","i":9819682258,"l":"0","z":"0","L":"0","T":1619537744627,"t":0,"b":"0","a":"0","m":false,"R":false,"wt":"CONTRACT_PRICE","ot":"LIMIT","ps":"BOTH","cp":false,"rp":"0","pP":false,"si":0,"ss":0}}
17:35:45.336   [S1] 17:35:45.336  {"e":"ORDER_TRADE_UPDATE","T":1619537745173,"E":1619537745179,"o":{"s":"MATICUSDT","c":"x-yIXKfZTSSq3leDYD8LF3SoKrdK1iY","S":"SELL","o":"LIMIT","f":"GTC","q":"131","p":"0.61946","ap":"0","sp":"0","x":"NEW","X":"NEW","i":9819683360,"l":"0","z":"0","L":"0","T":1619537745173,"t":0,"b":"0","a":"81.14925","m":false,"R":false,"wt":"CONTRACT_PRICE","ot":"LIMIT","ps":"BOTH","cp":false,"rp":"0","pP":false,"si":0,"ss":0}}
17:35:49.775  Closing...
17:35:49.777   === Stopped ===
17:35:50.222  Stopping strategies...  (stop on app close) 
17:35:50.224  Waiting MoonShot shutdown. 
17:35:52.204    -  Save settings 
17:35:52.298    -  Waiting Market Engine thread...
17:35:52.402  GetOrderWorker: Pending Tasks: 0 Results: 0   
17:35:54.753    -  Closing db...
17:35:54.755  Backuping orders db ...
17:35:55.760    -  Stop APIs thread...
17:35:56.390    -  Quit 
