18:56:10               
18:56:10           --- App Start ---   CPU: 8 cores   Memory: 17.06 Gb  UseMem: 100%   Canvas: TCanvasD2D
18:56:11.250           ---  Init. Exchange: Binance Futures  ---  v6.33 (21.04.2021)  VDS Mode: NO  FreePosMode: NO
18:56:12.836   UDP will exporter to port 2000
18:56:12.843   UDP will listen port 7851
18:56:13.889  TimeSync tries:7  Offset: 65  NTPDelay: 37
18:56:18.417  Auth error! TryCount=4 err: {"code":-2015,"msg":"Invalid API-key, IP, or permissions for action, request ip: 90.156.28.156"}
18:56:44.924   UDP will listen port 7851
18:59:47.100  Account Rate Limits: 2400 requests per minute,  1200 orders per minute, 300 orders per 10 seconds 
18:59:46.828  Auth: OK! Binance connection method: 0
18:59:52.321   == Reg. ID: 2206
18:59:52.322  Пожалуйста, зайдите в "Настройки - Логин" и поставьте галочку "Согласен отправлять результаты моих сделок на сервер" на всех ваших ботах. 
  Если вы не снимаете галочку минимум неделю, вам станут доступны некоторые особые функции, например стратегия покупки на листинге. 
  (Осталось 6.6 дней )
18:59:52.323  MultiOrders: NO (cfg: NO)  XFunction: NO 
18:59:52.324  Markets updated: 116  USDT Markets: 116
18:59:52.477  Bot's server message: Welcome!
18:59:53.705  PositionSide: {"dualSidePosition":true}
18:59:53.895  SubscribeOrders: OK; key: URfVHeKIWkNpIJA8OwiKotIsu93ZLZW1InGg7IvIGmIa5joPoaLpvxN85hO6xE1p
18:59:55.223  SubscribeOrders2: OK; key: URfVHeKIWkNpIJA8OwiKotIsu93ZLZW1InGg7IvIGmIa5joPoaLpvxN85hO6xE1p
18:59:57.673   [S1] 18:59:57.673  {"e":"ORDER_TRADE_UPDATE","T":1622134797600,"E":1622134797605,"o":{"s":"BELUSDT","c":"x-yIXKfZTSMbRAFbD1o9rABp0XmUT7E","S":"BUY","o":"LIMIT","f":"GTC","q":"3","p":"2.31210","ap":"0","sp":"0","x":"NEW","X":"NEW","i":953240135,"l":"0","z":"0","L":"0","T":1622134797600,"t":0,"b":"6.93630","a":"0","m":false,"R":false,"wt":"CONTRACT_PRICE","ot":"LIMIT","ps":"LONG","cp":false,"rp":"0","pP":false,"si":0,"ss":0}}
18:59:57.679   [S1] 18:59:57.679  {"e":"ORDER_TRADE_UPDATE","T":1622134797602,"E":1622134797608,"o":{"s":"BELUSDT","c":"x-yIXKfZTSMsEgvdLw3HovC8NIR2GJn","S":"BUY","o":"LIMIT","f":"GTC","q":"3","p":"2.30750","ap":"0","sp":"0","x":"NEW","X":"NEW","i":953240136,"l":"0","z":"0","L":"0","T":1622134797602,"t":0,"b":"13.85880","a":"0","m":false,"R":false,"wt":"CONTRACT_PRICE","ot":"LIMIT","ps":"LONG","cp":false,"rp":"0","pP":false,"si":0,"ss":0}}
18:59:57.689   [S1] 18:59:57.689  {"e":"ORDER_TRADE_UPDATE","T":1622134797616,"E":1622134797621,"o":{"s":"BELUSDT","c":"x-yIXKfZTSMk2VCCF84xZ7TwcUisAwX","S":"BUY","o":"LIMIT","f":"GTC","q":"3","p":"2.30980","ap":"0","sp":"0","x":"NEW","X":"NEW","i":953240143,"l":"0","z":"0","L":"0","T":1622134797616,"t":0,"b":"20.78820","a":"0","m":false,"R":false,"wt":"CONTRACT_PRICE","ot":"LIMIT","ps":"LONG","cp":false,"rp":"0","pP":false,"si":0,"ss":0}}
18:59:57.691   [S1] 18:59:57.691  {"e":"ORDER_TRADE_UPDATE","T":1622134797619,"E":1622134797624,"o":{"s":"BELUSDT","c":"x-yIXKfZTSMtDCFq7TEuAY8NkpvUuob","S":"BUY","o":"LIMIT","f":"GTC","q":"3","p":"2.31440","ap":"0","sp":"0","x":"NEW","X":"NEW","i":953240145,"l":"0","z":"0","L":"0","T":1622134797619,"t":0,"b":"20.78820","a":"0","m":false,"R":false,"wt":"CONTRACT_PRICE","ot":"LIMIT","ps":"LONG","cp":false,"rp":"0","pP":false,"si":0,"ss":0}}
18:59:57.691  {"e":"ACCOUNT_UPDATE","T":1622134797619,"E":1622134797624,"a":{"B":[{"a":"USDT","wb":"521.87992257","cw":"520.45862778","bc":"0"}],"P":[{"s":"BELUSDT","pa":"0","ep":"0.00000","cr":"-67.24899988","up":"0","mt":"isolated","iw":"0","ps":"BOTH","ma":"USDT"},{"s":"BELUSDT","pa":"3","ep":"2.31350","cr":"1.20109985","up":"-0.01385508","mt":"isolated","iw":"0.36080388","ps":"LONG","ma":"USDT"},{"s":"BELUSDT","pa":"0","ep":"0.00000","cr":"2.84149983","up":"0","mt":"isolated","iw":"0","ps":"SHORT","ma":"USDT"}],"m":"ORDER"}}
18:59:57.692   [S1] 18:59:57.692  {"e":"ORDER_TRADE_UPDATE","T":1622134797619,"E":1622134797624,"o":{"s":"BELUSDT","c":"x-yIXKfZTSMtDCFq7TEuAY8NkpvUuob","S":"BUY","o":"LIMIT","f":"GTC","q":"3","p":"2.31440","ap":"2.31350","sp":"0","x":"TRADE","X":"FILLED","i":953240145,"l":"3","z":"3","L":"2.31350","n":"0.00277620","N":"USDT","T":1622134797619,"t":22789702,"b":"20.78820","a":"0","m":false,"R":false,"wt":"CONTRACT_PRICE","ot":"LIMIT","ps":"LONG","cp":false,"rp":"0","pP":false,"si":0,"ss":0}}
18:59:58.166   [S1] 18:59:58.166  {"e":"ORDER_TRADE_UPDATE","T":1622134798093,"E":1622134798096,"o":{"s":"BELUSDT","c":"x-yIXKfZTSMIZqcq0lwPXU5irt3V0W8","S":"BUY","o":"LIMIT","f":"GTC","q":"3","p":"2.31030","ap":"0","sp":"0","x":"NEW","X":"NEW","i":953240215,"l":"0","z":"0","L":"0","T":1622134798093,"t":0,"b":"27.71910","a":"0","m":false,"R":false,"wt":"CONTRACT_PRICE","ot":"LIMIT","ps":"LONG","cp":false,"rp":"0","pP":false,"si":0,"ss":0}}
18:59:58.173   [S1] 18:59:58.173  {"e":"ORDER_TRADE_UPDATE","T":1622134798102,"E":1622134798107,"o":{"s":"BELUSDT","c":"x-yIXKfZTSMEl8o0IGXSeXdhtCntmyK","S":"BUY","o":"LIMIT","f":"GTC","q":"3","p":"2.31720","ap":"0","sp":"0","x":"NEW","X":"NEW","i":953240216,"l":"0","z":"0","L":"0","T":1622134798102,"t":0,"b":"27.71910","a":"0","m":false,"R":false,"wt":"CONTRACT_PRICE","ot":"LIMIT","ps":"LONG","cp":false,"rp":"0","pP":false,"si":0,"ss":0}}
18:59:58.173  {"e":"ACCOUNT_UPDATE","T":1622134798102,"E":1622134798107,"a":{"B":[{"a":"USDT","wb":"521.87714553","cw":"520.08654270","bc":"0"}],"P":[{"s":"BELUSDT","pa":"0","ep":"0.00000","cr":"-67.24899988","up":"0","mt":"isolated","iw":"0","ps":"BOTH","ma":"USDT"},{"s":"BELUSDT","pa":"6","ep":"2.31385","cr":"1.20109985","up":"-0.02981016","mt":"isolated","iw":"0.73011192","ps":"LONG","ma":"USDT"},{"s":"BELUSDT","pa":"0","ep":"0.00000","cr":"2.84149983","up":"0","mt":"isolated","iw":"0","ps":"SHORT","ma":"USDT"}],"m":"ORDER"}}
18:59:58.174   [S1] 18:59:58.174  {"e":"ORDER_TRADE_UPDATE","T":1622134798102,"E":1622134798107,"o":{"s":"BELUSDT","c":"x-yIXKfZTSMEl8o0IGXSeXdhtCntmyK","S":"BUY","o":"LIMIT","f":"GTC","q":"3","p":"2.31720","ap":"2.31420","sp":"0","x":"TRADE","X":"FILLED","i":953240216,"l":"3","z":"3","L":"2.31420","n":"0.00277704","N":"USDT","T":1622134798102,"t":22789708,"b":"27.71910","a":"0","m":false,"R":false,"wt":"CONTRACT_PRICE","ot":"LIMIT","ps":"LONG","cp":false,"rp":"0","pP":false,"si":0,"ss":0}}
18:59:58.184   [S1] 18:59:58.184  {"e":"ORDER_TRADE_UPDATE","T":1622134798109,"E":1622134798114,"o":{"s":"BELUSDT","c":"x-yIXKfZTSMaq1Vsq8b6e9bo8057FMD","S":"BUY","o":"LIMIT","f":"GTC","q":"3","p":"2.31260","ap":"0","sp":"0","x":"NEW","X":"NEW","i":953240219,"l":"0","z":"0","L":"0","T":1622134798109,"t":0,"b":"34.65690","a":"0","m":false,"R":false,"wt":"CONTRACT_PRICE","ot":"LIMIT","ps":"LONG","cp":false,"rp":"0","pP":false,"si":0,"ss":0}}
18:59:58.184   [S1] 18:59:58.184  {"e":"ORDER_TRADE_UPDATE","T":1622134798112,"E":1622134798117,"o":{"s":"BELUSDT","c":"x-yIXKfZTSM2jJZ1zQA54AsCnqhuqYP","S":"BUY","o":"LIMIT","f":"GTC","q":"3","p":"2.31490","ap":"0","sp":"0","x":"NEW","X":"NEW","i":953240220,"l":"0","z":"0","L":"0","T":1622134798112,"t":0,"b":"34.65690","a":"0","m":false,"R":false,"wt":"CONTRACT_PRICE","ot":"LIMIT","ps":"LONG","cp":false,"rp":"0","pP":false,"si":0,"ss":0}}
18:59:58.184  {"e":"ACCOUNT_UPDATE","T":1622134798112,"E":1622134798117,"a":{"B":[{"a":"USDT","wb":"521.87436849","cw":"519.72135762","bc":"0"}],"P":[{"s":"BELUSDT","pa":"0","ep":"0.00000","cr":"-67.24899988","up":"0","mt":"isolated","iw":"0","ps":"BOTH","ma":"USDT"},{"s":"BELUSDT","pa":"9","ep":"2.31397","cr":"1.20109985","up":"-0.04570524","mt":"isolated","iw":"1.09251996","ps":"LONG","ma":"USDT"},{"s":"BELUSDT","pa":"0","ep":"0.00000","cr":"2.84149983","up":"0","mt":"isolated","iw":"0","ps":"SHORT","ma":"USDT"}],"m":"ORDER"}}
18:59:58.184   [S1] 18:59:58.184  {"e":"ORDER_TRADE_UPDATE","T":1622134798112,"E":1622134798117,"o":{"s":"BELUSDT","c":"x-yIXKfZTSM2jJZ1zQA54AsCnqhuqYP","S":"BUY","o":"LIMIT","f":"GTC","q":"3","p":"2.31490","ap":"2.31420","sp":"0","x":"TRADE","X":"FILLED","i":953240220,"l":"3","z":"3","L":"2.31420","n":"0.00277704","N":"USDT","T":1622134798112,"t":22789709,"b":"34.65690","a":"0","m":false,"R":false,"wt":"CONTRACT_PRICE","ot":"LIMIT","ps":"LONG","cp":false,"rp":"0","pP":false,"si":0,"ss":0}}
18:59:58.741   [S1] 18:59:58.741  {"e":"ORDER_TRADE_UPDATE","T":1622134798668,"E":1622134798673,"o":{"s":"BELUSDT","c":"x-yIXKfZTSStPARknCJObGpkL6lq1e1","S":"SELL","o":"LIMIT","f":"GTC","q":"3","p":"2.38760","ap":"0","sp":"0","x":"NEW","X":"NEW","i":953240402,"l":"0","z":"0","L":"0","T":1622134798668,"t":0,"b":"34.65690","a":"7.16280","m":false,"R":true,"wt":"CONTRACT_PRICE","ot":"LIMIT","ps":"LONG","cp":false,"rp":"0","pP":false,"si":0,"ss":0}}
18:59:58.770   [S1] 18:59:58.770  {"e":"ORDER_TRADE_UPDATE","T":1622134798686,"E":1622134798689,"o":{"s":"BELUSDT","c":"x-yIXKfZTSSbi83y28uYZJrRRM4JhUa","S":"SELL","o":"LIMIT","f":"GTC","q":"3","p":"2.38760","ap":"0","sp":"0","x":"NEW","X":"NEW","i":953240417,"l":"0","z":"0","L":"0","T":1622134798686,"t":0,"b":"34.65690","a":"14.32560","m":false,"R":true,"wt":"CONTRACT_PRICE","ot":"LIMIT","ps":"LONG","cp":false,"rp":"0","pP":false,"si":0,"ss":0}}
18:59:59.130   [S1] 18:59:59.130  {"e":"ORDER_TRADE_UPDATE","T":1622134799054,"E":1622134799059,"o":{"s":"BELUSDT","c":"x-yIXKfZTSSHatVMqRf4LSE2OuHAiJA","S":"SELL","o":"LIMIT","f":"GTC","q":"3","p":"2.38750","ap":"0","sp":"0","x":"NEW","X":"NEW","i":953240457,"l":"0","z":"0","L":"0","T":1622134799054,"t":0,"b":"34.65690","a":"21.48810","m":false,"R":true,"wt":"CONTRACT_PRICE","ot":"LIMIT","ps":"LONG","cp":false,"rp":"0","pP":false,"si":0,"ss":0}}
18:59:59.303   [S1] 18:59:59.303  {"e":"ORDER_TRADE_UPDATE","T":1622134799232,"E":1622134799235,"o":{"s":"BELUSDT","c":"x-yIXKfZTSMJRLkdj2dk62zdVAqkXwr","S":"BUY","o":"LIMIT","f":"GTC","q":"3","p":"2.32650","ap":"0","sp":"0","x":"NEW","X":"NEW","i":953240475,"l":"0","z":"0","L":"0","T":1622134799232,"t":0,"b":"34.65690","a":"21.48810","m":false,"R":false,"wt":"CONTRACT_PRICE","ot":"LIMIT","ps":"LONG","cp":false,"rp":"0","pP":false,"si":0,"ss":0}}
18:59:59.305  {"e":"ACCOUNT_UPDATE","T":1622134799232,"E":1622134799235,"a":{"B":[{"a":"USDT","wb":"521.87158821","cw":"519.34232262","bc":"0"}],"P":[{"s":"BELUSDT","pa":"0","ep":"0.00000","cr":"-67.24899988","up":"0","mt":"isolated","iw":"0","ps":"BOTH","ma":"USDT"},{"s":"BELUSDT","pa":"12","ep":"2.31470","cr":"1.20109985","up":"0.01560000","mt":"isolated","iw":"1.46877468","ps":"LONG","ma":"USDT"},{"s":"BELUSDT","pa":"0","ep":"0.00000","cr":"2.84149983","up":"0","mt":"isolated","iw":"0","ps":"SHORT","ma":"USDT"}],"m":"ORDER"}}
18:59:59.305   [S1] 18:59:59.305  {"e":"ORDER_TRADE_UPDATE","T":1622134799232,"E":1622134799235,"o":{"s":"BELUSDT","c":"x-yIXKfZTSMJRLkdj2dk62zdVAqkXwr","S":"BUY","o":"LIMIT","f":"GTC","q":"3","p":"2.32650","ap":"2.31690","sp":"0","x":"TRADE","X":"FILLED","i":953240475,"l":"3","z":"3","L":"2.31690","n":"0.00278028","N":"USDT","T":1622134799232,"t":22789728,"b":"34.65690","a":"21.48810","m":false,"R":false,"wt":"CONTRACT_PRICE","ot":"LIMIT","ps":"LONG","cp":false,"rp":"0","pP":false,"si":0,"ss":0}}
18:59:59.308   [S1] 18:59:59.308  {"e":"ORDER_TRADE_UPDATE","T":1622134799236,"E":1622134799239,"o":{"s":"BELUSDT","c":"x-yIXKfZTSMPpLb0xsyGeA0um1sxeow","S":"BUY","o":"LIMIT","f":"GTC","q":"3","p":"2.32420","ap":"0","sp":"0","x":"NEW","X":"NEW","i":953240476,"l":"0","z":"0","L":"0","T":1622134799236,"t":0,"b":"34.65690","a":"21.48810","m":false,"R":false,"wt":"CONTRACT_PRICE","ot":"LIMIT","ps":"LONG","cp":false,"rp":"0","pP":false,"si":0,"ss":0}}
18:59:59.308  {"e":"ACCOUNT_UPDATE","T":1622134799236,"E":1622134799239,"a":{"B":[{"a":"USDT","wb":"521.86880793","cw":"518.97018762","bc":"0"}],"P":[{"s":"BELUSDT","pa":"0","ep":"0.00000","cr":"-67.24899988","up":"0","mt":"isolated","iw":"0","ps":"BOTH","ma":"USDT"},{"s":"BELUSDT","pa":"15","ep":"2.31514","cr":"1.20109985","up":"0.01290000","mt":"isolated","iw":"1.83812940","ps":"LONG","ma":"USDT"},{"s":"BELUSDT","pa":"0","ep":"0.00000","cr":"2.84149983","up":"0","mt":"isolated","iw":"0","ps":"SHORT","ma":"USDT"}],"m":"ORDER"}}
18:59:59.309   [S1] 18:59:59.309  {"e":"ORDER_TRADE_UPDATE","T":1622134799236,"E":1622134799239,"o":{"s":"BELUSDT","c":"x-yIXKfZTSMPpLb0xsyGeA0um1sxeow","S":"BUY","o":"LIMIT","f":"GTC","q":"3","p":"2.32420","ap":"2.31690","sp":"0","x":"TRADE","X":"FILLED","i":953240476,"l":"3","z":"3","L":"2.31690","n":"0.00278028","N":"USDT","T":1622134799236,"t":22789729,"b":"34.65690","a":"21.48810","m":false,"R":false,"wt":"CONTRACT_PRICE","ot":"LIMIT","ps":"LONG","cp":false,"rp":"0","pP":false,"si":0,"ss":0}}
18:59:59.330   [S1] 18:59:59.330  {"e":"ORDER_TRADE_UPDATE","T":1622134799259,"E":1622134799264,"o":{"s":"BELUSDT","c":"x-yIXKfZTSMrGjfIeMkt4qF8ePUz8aS","S":"BUY","o":"LIMIT","f":"GTC","q":"3","p":"2.31950","ap":"0","sp":"0","x":"NEW","X":"NEW","i":953240484,"l":"0","z":"0","L":"0","T":1622134799259,"t":0,"b":"34.65690","a":"21.48810","m":false,"R":false,"wt":"CONTRACT_PRICE","ot":"LIMIT","ps":"LONG","cp":false,"rp":"0","pP":false,"si":0,"ss":0}}
18:59:59.330  {"e":"ACCOUNT_UPDATE","T":1622134799259,"E":1622134799264,"a":{"B":[{"a":"USDT","wb":"521.86602753","cw":"518.61213762","bc":"0"}],"P":[{"s":"BELUSDT","pa":"0","ep":"0.00000","cr":"-67.24899988","up":"0","mt":"isolated","iw":"0","ps":"BOTH","ma":"USDT"},{"s":"BELUSDT","pa":"18","ep":"2.31545","cr":"1.20109985","up":"0.01008000","mt":"isolated","iw":"2.19339900","ps":"LONG","ma":"USDT"},{"s":"BELUSDT","pa":"0","ep":"0.00000","cr":"2.84149983","up":"0","mt":"isolated","iw":"0","ps":"SHORT","ma":"USDT"}],"m":"ORDER"}}
18:59:59.330   [S1] 18:59:59.330  {"e":"ORDER_TRADE_UPDATE","T":1622134799259,"E":1622134799264,"o":{"s":"BELUSDT","c":"x-yIXKfZTSMrGjfIeMkt4qF8ePUz8aS","S":"BUY","o":"LIMIT","f":"GTC","q":"3","p":"2.31950","ap":"2.31700","sp":"0","x":"TRADE","X":"FILLED","i":953240484,"l":"3","z":"3","L":"2.31700","n":"0.00278040","N":"USDT","T":1622134799259,"t":22789730,"b":"34.65690","a":"21.48810","m":false,"R":false,"wt":"CONTRACT_PRICE","ot":"LIMIT","ps":"LONG","cp":false,"rp":"0","pP":false,"si":0,"ss":0}}
18:59:59.390   [S1] 18:59:59.390  {"e":"ORDER_TRADE_UPDATE","T":1622134799315,"E":1622134799322,"o":{"s":"BELUSDT","c":"x-yIXKfZTSMzuOtV40NSqFXNy76kzpp","S":"BUY","o":"LIMIT","f":"GTC","q":"3","p":"2.32190","ap":"0","sp":"0","x":"NEW","X":"NEW","i":953240503,"l":"0","z":"0","L":"0","T":1622134799315,"t":0,"b":"34.65690","a":"21.48810","m":false,"R":false,"wt":"CONTRACT_PRICE","ot":"LIMIT","ps":"LONG","cp":false,"rp":"0","pP":false,"si":0,"ss":0}}
18:59:59.390  {"e":"ACCOUNT_UPDATE","T":1622134799315,"E":1622134799322,"a":{"B":[{"a":"USDT","wb":"521.86510073","cw":"518.49038762","bc":"0"}],"P":[{"s":"BELUSDT","pa":"0","ep":"0.00000","cr":"-67.24899988","up":"0","mt":"isolated","iw":"0","ps":"BOTH","ma":"USDT"},{"s":"BELUSDT","pa":"19","ep":"2.31553","cr":"1.20109985","up":"0.00893000","mt":"isolated","iw":"2.31422220","ps":"LONG","ma":"USDT"},{"s":"BELUSDT","pa":"0","ep":"0.00000","cr":"2.84149983","up":"0","mt":"isolated","iw":"0","ps":"SHORT","ma":"USDT"}],"m":"ORDER"}}
18:59:59.390   [S1] 18:59:59.390  {"e":"ORDER_TRADE_UPDATE","T":1622134799315,"E":1622134799322,"o":{"s":"BELUSDT","c":"x-yIXKfZTSMzuOtV40NSqFXNy76kzpp","S":"BUY","o":"LIMIT","f":"GTC","q":"3","p":"2.32190","ap":"2.31700","sp":"0","x":"TRADE","X":"PARTIALLY_FILLED","i":953240503,"l":"1","z":"1","L":"2.31700","n":"0.00092680","N":"USDT","T":1622134799315,"t":22789731,"b":"34.65690","a":"21.48810","m":false,"R":false,"wt":"CONTRACT_PRICE","ot":"LIMIT","ps":"LONG","cp":false,"rp":"0","pP":false,"si":0,"ss":0}}
18:59:59.390  {"e":"ACCOUNT_UPDATE","T":1622134799315,"E":1622134799322,"a":{"B":[{"a":"USDT","wb":"521.86324713","cw":"518.24688762","bc":"0"}],"P":[{"s":"BELUSDT","pa":"0","ep":"0.00000","cr":"-67.24899988","up":"0","mt":"isolated","iw":"0","ps":"BOTH","ma":"USDT"},{"s":"BELUSDT","pa":"21","ep":"2.31567","cr":"1.20109985","up":"0.00693000","mt":"isolated","iw":"2.55586860","ps":"LONG","ma":"USDT"},{"s":"BELUSDT","pa":"0","ep":"0.00000","cr":"2.84149983","up":"0","mt":"isolated","iw":"0","ps":"SHORT","ma":"USDT"}],"m":"ORDER"}}
18:59:59.390   [S1] 18:59:59.390  {"e":"ORDER_TRADE_UPDATE","T":1622134799315,"E":1622134799322,"o":{"s":"BELUSDT","c":"x-yIXKfZTSMzuOtV40NSqFXNy76kzpp","S":"BUY","o":"LIMIT","f":"GTC","q":"3","p":"2.32190","ap":"2.31700","sp":"0","x":"TRADE","X":"FILLED","i":953240503,"l":"2","z":"3","L":"2.31700","n":"0.00185360","N":"USDT","T":1622134799315,"t":22789732,"b":"34.65690","a":"21.48810","m":false,"R":false,"wt":"CONTRACT_PRICE","ot":"LIMIT","ps":"LONG","cp":false,"rp":"0","pP":false,"si":0,"ss":0}}
18:59:59.827   [S1] 18:59:59.827  {"e":"ORDER_TRADE_UPDATE","T":1622134799755,"E":1622134799760,"o":{"s":"BELUSDT","c":"x-yIXKfZTSMfQdz7WdODTdbu3kgAan5","S":"BUY","o":"LIMIT","f":"GTC","q":"3","p":"2.32320","ap":"0","sp":"0","x":"NEW","X":"NEW","i":953240569,"l":"0","z":"0","L":"0","T":1622134799755,"t":0,"b":"34.65690","a":"21.48810","m":false,"R":false,"wt":"CONTRACT_PRICE","ot":"LIMIT","ps":"LONG","cp":false,"rp":"0","pP":false,"si":0,"ss":0}}
18:59:59.827  {"e":"ACCOUNT_UPDATE","T":1622134799755,"E":1622134799760,"a":{"B":[{"a":"USDT","wb":"521.86046589","cw":"517.87763262","bc":"0"}],"P":[{"s":"BELUSDT","pa":"0","ep":"0.00000","cr":"-67.24899988","up":"0","mt":"isolated","iw":"0","ps":"BOTH","ma":"USDT"},{"s":"BELUSDT","pa":"24","ep":"2.31593","cr":"1.20109985","up":"0.00192000","mt":"isolated","iw":"2.92234236","ps":"LONG","ma":"USDT"},{"s":"BELUSDT","pa":"0","ep":"0.00000","cr":"2.84149983","up":"0","mt":"isolated","iw":"0","ps":"SHORT","ma":"USDT"}],"m":"ORDER"}}
18:59:59.827   [S1] 18:59:59.827  {"e":"ORDER_TRADE_UPDATE","T":1622134799755,"E":1622134799760,"o":{"s":"BELUSDT","c":"x-yIXKfZTSMfQdz7WdODTdbu3kgAan5","S":"BUY","o":"LIMIT","f":"GTC","q":"3","p":"2.32320","ap":"2.31770","sp":"0","x":"TRADE","X":"FILLED","i":953240569,"l":"3","z":"3","L":"2.31770","n":"0.00278124","N":"USDT","T":1622134799755,"t":22789735,"b":"34.65690","a":"21.48810","m":false,"R":false,"wt":"CONTRACT_PRICE","ot":"LIMIT","ps":"LONG","cp":false,"rp":"0","pP":false,"si":0,"ss":0}}
18:59:59.840   [S1] 18:59:59.840  {"e":"ORDER_TRADE_UPDATE","T":1622134799762,"E":1622134799768,"o":{"s":"BELUSDT","c":"x-yIXKfZTSMpbldtExebAunatmmNdCy","S":"BUY","o":"LIMIT","f":"GTC","q":"3","p":"2.32550","ap":"0","sp":"0","x":"NEW","X":"NEW","i":953240570,"l":"0","z":"0","L":"0","T":1622134799762,"t":0,"b":"34.65690","a":"21.48810","m":false,"R":false,"wt":"CONTRACT_PRICE","ot":"LIMIT","ps":"LONG","cp":false,"rp":"0","pP":false,"si":0,"ss":0}}
18:59:59.840  {"e":"ACCOUNT_UPDATE","T":1622134799762,"E":1622134799768,"a":{"B":[{"a":"USDT","wb":"521.85768465","cw":"517.50147762","bc":"0"}],"P":[{"s":"BELUSDT","pa":"0","ep":"0.00000","cr":"-67.24899988","up":"0","mt":"isolated","iw":"0","ps":"BOTH","ma":"USDT"},{"s":"BELUSDT","pa":"27","ep":"2.31612","cr":"1.20109985","up":"-0.00324000","mt":"isolated","iw":"3.29571612","ps":"LONG","ma":"USDT"},{"s":"BELUSDT","pa":"0","ep":"0.00000","cr":"2.84149983","up":"0","mt":"isolated","iw":"0","ps":"SHORT","ma":"USDT"}],"m":"ORDER"}}
18:59:59.866   [S1] 18:59:59.866  {"e":"ORDER_TRADE_UPDATE","T":1622134799762,"E":1622134799768,"o":{"s":"BELUSDT","c":"x-yIXKfZTSMpbldtExebAunatmmNdCy","S":"BUY","o":"LIMIT","f":"GTC","q":"3","p":"2.32550","ap":"2.31770","sp":"0","x":"TRADE","X":"FILLED","i":953240570,"l":"3","z":"3","L":"2.31770","n":"0.00278124","N":"USDT","T":1622134799762,"t":22789736,"b":"34.65690","a":"21.48810","m":false,"R":false,"wt":"CONTRACT_PRICE","ot":"LIMIT","ps":"LONG","cp":false,"rp":"0","pP":false,"si":0,"ss":0}}
18:59:59.866   [S1] 18:59:59.866  {"e":"ORDER_TRADE_UPDATE","T":1622134799774,"E":1622134799778,"o":{"s":"BELUSDT","c":"x-yIXKfZTSMK0XLITj0kD54C2r7fCAQ","S":"BUY","o":"LIMIT","f":"GTC","q":"3","p":"2.32780","ap":"0","sp":"0","x":"NEW","X":"NEW","i":953240576,"l":"0","z":"0","L":"0","T":1622134799774,"t":0,"b":"34.65690","a":"21.48810","m":false,"R":false,"wt":"CONTRACT_PRICE","ot":"LIMIT","ps":"LONG","cp":false,"rp":"0","pP":false,"si":0,"ss":0}}
18:59:59.867  {"e":"ACCOUNT_UPDATE","T":1622134799774,"E":1622134799778,"a":{"B":[{"a":"USDT","wb":"521.85490341","cw":"517.11842262","bc":"0"}],"P":[{"s":"BELUSDT","pa":"0","ep":"0.00000","cr":"-67.24899988","up":"0","mt":"isolated","iw":"0","ps":"BOTH","ma":"USDT"},{"s":"BELUSDT","pa":"30","ep":"2.31628","cr":"1.20109985","up":"-0.00840000","mt":"isolated","iw":"3.67598988","ps":"LONG","ma":"USDT"},{"s":"BELUSDT","pa":"0","ep":"0.00000","cr":"2.84149983","up":"0","mt":"isolated","iw":"0","ps":"SHORT","ma":"USDT"}],"m":"ORDER"}}
18:59:59.867   [S1] 18:59:59.867  {"e":"ORDER_TRADE_UPDATE","T":1622134799774,"E":1622134799778,"o":{"s":"BELUSDT","c":"x-yIXKfZTSMK0XLITj0kD54C2r7fCAQ","S":"BUY","o":"LIMIT","f":"GTC","q":"3","p":"2.32780","ap":"2.31770","sp":"0","x":"TRADE","X":"FILLED","i":953240576,"l":"3","z":"3","L":"2.31770","n":"0.00278124","N":"USDT","T":1622134799774,"t":22789737,"b":"34.65690","a":"21.48810","m":false,"R":false,"wt":"CONTRACT_PRICE","ot":"LIMIT","ps":"LONG","cp":false,"rp":"0","pP":false,"si":0,"ss":0}}
18:59:59.881   [S1] 18:59:59.881  {"e":"ORDER_TRADE_UPDATE","T":1622134799792,"E":1622134799797,"o":{"s":"BELUSDT","c":"x-yIXKfZTSMxwPxqlMgzNvV6nZkK0Ns","S":"BUY","o":"LIMIT","f":"GTC","q":"3","p":"2.32080","ap":"0","sp":"0","x":"NEW","X":"NEW","i":953240582,"l":"0","z":"0","L":"0","T":1622134799792,"t":0,"b":"34.65690","a":"21.48810","m":false,"R":false,"wt":"CONTRACT_PRICE","ot":"LIMIT","ps":"LONG","cp":false,"rp":"0","pP":false,"si":0,"ss":0}}
18:59:59.881  {"e":"ACCOUNT_UPDATE","T":1622134799792,"E":1622134799797,"a":{"B":[{"a":"USDT","wb":"521.85212217","cw":"516.75636762","bc":"0"}],"P":[{"s":"BELUSDT","pa":"0","ep":"0.00000","cr":"-67.24899988","up":"0","mt":"isolated","iw":"0","ps":"BOTH","ma":"USDT"},{"s":"BELUSDT","pa":"33","ep":"2.31641","cr":"1.20109985","up":"-0.01320000","mt":"isolated","iw":"4.03526364","ps":"LONG","ma":"USDT"},{"s":"BELUSDT","pa":"0","ep":"0.00000","cr":"2.84149983","up":"0","mt":"isolated","iw":"0","ps":"SHORT","ma":"USDT"}],"m":"ORDER"}}
18:59:59.882   [S1] 18:59:59.882  {"e":"ORDER_TRADE_UPDATE","T":1622134799792,"E":1622134799798,"o":{"s":"BELUSDT","c":"x-yIXKfZTSMxwPxqlMgzNvV6nZkK0Ns","S":"BUY","o":"LIMIT","f":"GTC","q":"3","p":"2.32080","ap":"2.31770","sp":"0","x":"TRADE","X":"FILLED","i":953240582,"l":"3","z":"3","L":"2.31770","n":"0.00278124","N":"USDT","T":1622134799792,"t":22789738,"b":"34.65690","a":"21.48810","m":false,"R":false,"wt":"CONTRACT_PRICE","ot":"LIMIT","ps":"LONG","cp":false,"rp":"0","pP":false,"si":0,"ss":0}}
18:59:59.882   [S1] 18:59:59.882  {"e":"ORDER_TRADE_UPDATE","T":1622134799808,"E":1622134799813,"o":{"s":"BELUSDT","c":"x-yIXKfZTSSA5n39qj9WRlWfGXEL6DQ","S":"SELL","o":"LIMIT","f":"GTC","q":"3","p":"2.39100","ap":"0","sp":"0","x":"NEW","X":"NEW","i":953240587,"l":"0","z":"0","L":"0","T":1622134799808,"t":0,"b":"34.65690","a":"28.66110","m":false,"R":true,"wt":"CONTRACT_PRICE","ot":"LIMIT","ps":"LONG","cp":false,"rp":"0","pP":false,"si":0,"ss":0}}
18:59:59.920   [S1] 18:59:59.920  {"e":"ORDER_TRADE_UPDATE","T":1622134799848,"E":1622134799853,"o":{"s":"BELUSDT","c":"x-yIXKfZTSSdcguFCwQsvKzS4DN0Pnq","S":"SELL","o":"LIMIT","f":"GTC","q":"3","p":"2.39100","ap":"0","sp":"0","x":"NEW","X":"NEW","i":953240596,"l":"0","z":"0","L":"0","T":1622134799848,"t":0,"b":"34.65690","a":"35.83410","m":false,"R":true,"wt":"CONTRACT_PRICE","ot":"LIMIT","ps":"LONG","cp":false,"rp":"0","pP":false,"si":0,"ss":0}}
18:59:59.941   [S1] 18:59:59.941  {"e":"ORDER_TRADE_UPDATE","T":1622134799852,"E":1622134799856,"o":{"s":"BELUSDT","c":"x-yIXKfZTSSnNzATUkHtnpY1R0Gwsod","S":"SELL","o":"LIMIT","f":"GTC","q":"3","p":"2.39100","ap":"0","sp":"0","x":"NEW","X":"NEW","i":953240597,"l":"0","z":"0","L":"0","T":1622134799852,"t":0,"b":"34.65690","a":"43.00710","m":false,"R":true,"wt":"CONTRACT_PRICE","ot":"LIMIT","ps":"LONG","cp":false,"rp":"0","pP":false,"si":0,"ss":0}}
18:59:59.980   [S1] 18:59:59.980  {"e":"ORDER_TRADE_UPDATE","T":1622134799909,"E":1622134799913,"o":{"s":"BELUSDT","c":"x-yIXKfZTSSeIy2aFL9e3S50FpmPhsO","S":"SELL","o":"LIMIT","f":"GTC","q":"3","p":"2.39100","ap":"0","sp":"0","x":"NEW","X":"NEW","i":953240603,"l":"0","z":"0","L":"0","T":1622134799909,"t":0,"b":"34.65690","a":"50.18010","m":false,"R":true,"wt":"CONTRACT_PRICE","ot":"LIMIT","ps":"LONG","cp":false,"rp":"0","pP":false,"si":0,"ss":0}}
19:00:00.480   [S1] 19:00:00.480  {"e":"ORDER_TRADE_UPDATE","T":1622134800411,"E":1622134800414,"o":{"s":"BELUSDT","c":"x-yIXKfZTSSEkoJtiLqksU1MGNaCoBm","S":"SELL","o":"LIMIT","f":"GTC","q":"3","p":"2.39260","ap":"0","sp":"0","x":"NEW","X":"NEW","i":953240683,"l":"0","z":"0","L":"0","T":1622134800411,"t":0,"b":"34.65690","a":"57.35790","m":false,"R":true,"wt":"CONTRACT_PRICE","ot":"LIMIT","ps":"LONG","cp":false,"rp":"0","pP":false,"si":0,"ss":0}}
19:00:00.636   [S1] 19:00:00.636  {"e":"ORDER_TRADE_UPDATE","T":1622134800566,"E":1622134800570,"o":{"s":"BELUSDT","c":"x-yIXKfZTSSTrTmVf5THB6ZTotl422B","S":"SELL","o":"LIMIT","f":"GTC","q":"3","p":"2.39260","ap":"0","sp":"0","x":"NEW","X":"NEW","i":953240684,"l":"0","z":"0","L":"0","T":1622134800566,"t":0,"b":"34.65690","a":"64.53570","m":false,"R":true,"wt":"CONTRACT_PRICE","ot":"LIMIT","ps":"LONG","cp":false,"rp":"0","pP":false,"si":0,"ss":0}}
19:00:00.663   [S1] 19:00:00.663  {"e":"ORDER_TRADE_UPDATE","T":1622134800580,"E":1622134800584,"o":{"s":"BELUSDT","c":"x-yIXKfZTSSt2BlcVEyAi67uWtIxN6k","S":"SELL","o":"LIMIT","f":"GTC","q":"3","p":"2.39260","ap":"0","sp":"0","x":"NEW","X":"NEW","i":953240690,"l":"0","z":"0","L":"0","T":1622134800580,"t":0,"b":"34.65690","a":"71.71350","m":false,"R":true,"wt":"CONTRACT_PRICE","ot":"LIMIT","ps":"LONG","cp":false,"rp":"0","pP":false,"si":0,"ss":0}}
19:00:00.664   [S1] 19:00:00.664  {"e":"ORDER_TRADE_UPDATE","T":1622134800588,"E":1622134800591,"o":{"s":"BELUSDT","c":"x-yIXKfZTSS7pHH43DIX2MoT3Q1ew3g","S":"SELL","o":"LIMIT","f":"GTC","q":"3","p":"2.39260","ap":"0","sp":"0","x":"NEW","X":"NEW","i":953240694,"l":"0","z":"0","L":"0","T":1622134800588,"t":0,"b":"34.65690","a":"78.89130","m":false,"R":true,"wt":"CONTRACT_PRICE","ot":"LIMIT","ps":"LONG","cp":false,"rp":"0","pP":false,"si":0,"ss":0}}
19:00:02.368  {"e":"ACCOUNT_UPDATE","T":1622134802295,"E":1622134802299,"a":{"B":[{"a":"USDT","wb":"521.85073461","cw":"516.39832254","bc":"0"}],"P":[{"s":"BELUSDT","pa":"0","ep":"0.00000","cr":"-67.24899988","up":"0","mt":"isolated","iw":"0","ps":"BOTH","ma":"USDT"},{"s":"BELUSDT","pa":"36","ep":"2.31609","cr":"1.20109985","up":"0.08746848","mt":"isolated","iw":"4.39192116","ps":"LONG","ma":"USDT"},{"s":"BELUSDT","pa":"0","ep":"0.00000","cr":"2.84149983","up":"0","mt":"isolated","iw":"0","ps":"SHORT","ma":"USDT"}],"m":"ORDER"}}
19:00:02.368   [S1] 19:00:02.368  {"e":"ORDER_TRADE_UPDATE","T":1622134802295,"E":1622134802299,"o":{"s":"BELUSDT","c":"x-yIXKfZTSMaq1Vsq8b6e9bo8057FMD","S":"BUY","o":"LIMIT","f":"GTC","q":"3","p":"2.31260","ap":"2.31260","sp":"0","x":"TRADE","X":"FILLED","i":953240219,"l":"3","z":"3","L":"2.31260","n":"0.00138756","N":"USDT","T":1622134802295,"t":22789759,"b":"20.78280","a":"78.89130","m":true,"R":false,"wt":"CONTRACT_PRICE","ot":"LIMIT","ps":"LONG","cp":false,"rp":"0","pP":false,"si":0,"ss":0}}
19:00:02.368  {"e":"ACCOUNT_UPDATE","T":1622134802296,"E":1622134802299,"a":{"B":[{"a":"USDT","wb":"521.84934735","cw":"516.04185246","bc":"0"}],"P":[{"s":"BELUSDT","pa":"0","ep":"0.00000","cr":"-67.24899988","up":"0","mt":"isolated","iw":"0","ps":"BOTH","ma":"USDT"},{"s":"BELUSDT","pa":"39","ep":"2.31578","cr":"1.20109985","up":"0.10684752","mt":"isolated","iw":"4.74700398","ps":"LONG","ma":"USDT"},{"s":"BELUSDT","pa":"0","ep":"0.00000","cr":"2.84149983","up":"0","mt":"isolated","iw":"0","ps":"SHORT","ma":"USDT"}],"m":"ORDER"}}
19:00:02.369   [S1] 19:00:02.368  {"e":"ORDER_TRADE_UPDATE","T":1622134802296,"E":1622134802299,"o":{"s":"BELUSDT","c":"x-yIXKfZTSMbRAFbD1o9rABp0XmUT7E","S":"BUY","o":"LIMIT","f":"GTC","q":"3","p":"2.31210","ap":"2.31210","sp":"0","x":"TRADE","X":"FILLED","i":953240135,"l":"3","z":"3","L":"2.31210","n":"0.00138726","N":"USDT","T":1622134802296,"t":22789760,"b":"20.78280","a":"78.89130","m":true,"R":false,"wt":"CONTRACT_PRICE","ot":"LIMIT","ps":"LONG","cp":false,"rp":"0","pP":false,"si":0,"ss":0}}
19:00:02.739  {"e":"ACCOUNT_UPDATE","T":1622134802669,"E":1622134802673,"a":{"B":[{"a":"USDT","wb":"521.84796117","cw":"515.69105238","bc":"0"}],"P":[{"s":"BELUSDT","pa":"0","ep":"0.00000","cr":"-67.24899988","up":"0","mt":"isolated","iw":"0","ps":"BOTH","ma":"USDT"},{"s":"BELUSDT","pa":"42","ep":"2.31539","cr":"1.20109985","up":"0.13144656","mt":"isolated","iw":"5.09641788","ps":"LONG","ma":"USDT"},{"s":"BELUSDT","pa":"0","ep":"0.00000","cr":"2.84149983","up":"0","mt":"isolated","iw":"0","ps":"SHORT","ma":"USDT"}],"m":"ORDER"}}
19:00:02.740   [S1] 19:00:02.739  {"e":"ORDER_TRADE_UPDATE","T":1622134802669,"E":1622134802673,"o":{"s":"BELUSDT","c":"x-yIXKfZTSMIZqcq0lwPXU5irt3V0W8","S":"BUY","o":"LIMIT","f":"GTC","q":"3","p":"2.31030","ap":"2.31030","sp":"0","x":"TRADE","X":"FILLED","i":953240215,"l":"3","z":"3","L":"2.31030","n":"0.00138618","N":"USDT","T":1622134802669,"t":22789773,"b":"6.92250","a":"78.89130","m":true,"R":false,"wt":"CONTRACT_PRICE","ot":"LIMIT","ps":"LONG","cp":false,"rp":"0","pP":false,"si":0,"ss":0}}
19:00:02.750  {"e":"ACCOUNT_UPDATE","T":1622134802669,"E":1622134802675,"a":{"B":[{"a":"USDT","wb":"521.84657529","cw":"515.34182730","bc":"0"}],"P":[{"s":"BELUSDT","pa":"0","ep":"0.00000","cr":"-67.24899988","up":"0","mt":"isolated","iw":"0","ps":"BOTH","ma":"USDT"},{"s":"BELUSDT","pa":"45","ep":"2.31502","cr":"1.20109985","up":"0.15748560","mt":"isolated","iw":"5.44425708","ps":"LONG","ma":"USDT"},{"s":"BELUSDT","pa":"0","ep":"0.00000","cr":"2.84149983","up":"0","mt":"isolated","iw":"0","ps":"SHORT","ma":"USDT"}],"m":"ORDER"}}
19:00:02.751   [S1] 19:00:02.751  {"e":"ORDER_TRADE_UPDATE","T":1622134802669,"E":1622134802675,"o":{"s":"BELUSDT","c":"x-yIXKfZTSMk2VCCF84xZ7TwcUisAwX","S":"BUY","o":"LIMIT","f":"GTC","q":"3","p":"2.30980","ap":"2.30980","sp":"0","x":"TRADE","X":"FILLED","i":953240143,"l":"3","z":"3","L":"2.30980","n":"0.00138588","N":"USDT","T":1622134802669,"t":22789781,"b":"6.92250","a":"78.89130","m":true,"R":false,"wt":"CONTRACT_PRICE","ot":"LIMIT","ps":"LONG","cp":false,"rp":"0","pP":false,"si":0,"ss":0}}
19:00:03.082   [S1] 19:00:03.082  {"e":"ORDER_TRADE_UPDATE","T":1622134802997,"E":1622134803001,"o":{"s":"BELUSDT","c":"x-yIXKfZTSSgxDNxv8Zr7PAubpmmsMO","S":"SELL","o":"LIMIT","f":"GTC","q":"3","p":"2.38540","ap":"0","sp":"0","x":"NEW","X":"NEW","i":953241186,"l":"0","z":"0","L":"0","T":1622134802997,"t":0,"b":"6.92250","a":"86.04750","m":false,"R":true,"wt":"CONTRACT_PRICE","ot":"LIMIT","ps":"LONG","cp":false,"rp":"0","pP":false,"si":0,"ss":0}}
19:00:03.083   [S1] 19:00:03.083  {"e":"ORDER_TRADE_UPDATE","T":1622134803003,"E":1622134803007,"o":{"s":"BELUSDT","c":"x-yIXKfZTSSELS00aod5vRwg87J4LSt","S":"SELL","o":"LIMIT","f":"GTC","q":"3","p":"2.38590","ap":"0","sp":"0","x":"NEW","X":"NEW","i":953241187,"l":"0","z":"0","L":"0","T":1622134803003,"t":0,"b":"6.92250","a":"93.20520","m":false,"R":true,"wt":"CONTRACT_PRICE","ot":"LIMIT","ps":"LONG","cp":false,"rp":"0","pP":false,"si":0,"ss":0}}
19:00:03.366   [S1] 19:00:03.366  {"e":"ORDER_TRADE_UPDATE","T":1622134803292,"E":1622134803298,"o":{"s":"BELUSDT","c":"x-yIXKfZTSSCkYi4IuMyQy225tQ27b4","S":"SELL","o":"LIMIT","f":"GTC","q":"3","p":"2.38310","ap":"0","sp":"0","x":"NEW","X":"NEW","i":953241217,"l":"0","z":"0","L":"0","T":1622134803292,"t":0,"b":"6.92250","a":"100.35450","m":false,"R":true,"wt":"CONTRACT_PRICE","ot":"LIMIT","ps":"LONG","cp":false,"rp":"0","pP":false,"si":0,"ss":0}}
19:00:04.070   [S1] 19:00:04.070  {"e":"ORDER_TRADE_UPDATE","T":1622134803997,"E":1622134804001,"o":{"s":"BELUSDT","c":"x-yIXKfZTSSKnoVe8P9CoYMYHmjq8uw","S":"SELL","o":"LIMIT","f":"GTC","q":"3","p":"2.38410","ap":"0","sp":"0","x":"NEW","X":"NEW","i":953241290,"l":"0","z":"0","L":"0","T":1622134803997,"t":0,"b":"6.92250","a":"107.50680","m":false,"R":true,"wt":"CONTRACT_PRICE","ot":"LIMIT","ps":"LONG","cp":false,"rp":"0","pP":false,"si":0,"ss":0}}
19:00:14.852  {"e":"ACCOUNT_UPDATE","T":1622134814780,"E":1622134814784,"a":{"B":[{"a":"USDT","wb":"521.84519079","cw":"514.99570230","bc":"0"}],"P":[{"s":"BELUSDT","pa":"0","ep":"0.00000","cr":"-67.24899988","up":"0","mt":"isolated","iw":"0","ps":"BOTH","ma":"USDT"},{"s":"BELUSDT","pa":"48","ep":"2.31455","cr":"1.20109985","up":"-0.34169664","mt":"isolated","iw":"5.78899758","ps":"LONG","ma":"USDT"},{"s":"BELUSDT","pa":"0","ep":"0.00000","cr":"2.84149983","up":"0","mt":"isolated","iw":"0","ps":"SHORT","ma":"USDT"}],"m":"ORDER"}}
19:00:14.852   [S1] 19:00:14.852  {"e":"ORDER_TRADE_UPDATE","T":1622134814780,"E":1622134814784,"o":{"s":"BELUSDT","c":"x-yIXKfZTSMsEgvdLw3HovC8NIR2GJn","S":"BUY","o":"LIMIT","f":"GTC","q":"3","p":"2.30750","ap":"2.30750","sp":"0","x":"TRADE","X":"FILLED","i":953240136,"l":"3","z":"3","L":"2.30750","n":"0.00138450","N":"USDT","T":1622134814780,"t":22789872,"b":"0","a":"107.50680","m":true,"R":false,"wt":"CONTRACT_PRICE","ot":"LIMIT","ps":"LONG","cp":false,"rp":"0","pP":false,"si":0,"ss":0}}
19:00:15.427   [S1] 19:00:15.427  {"e":"ORDER_TRADE_UPDATE","T":1622134815356,"E":1622134815361,"o":{"s":"BELUSDT","c":"x-yIXKfZTSSnKqgDRQoZ1K2qP35v6Tq","S":"SELL","o":"LIMIT","f":"GTC","q":"3","p":"2.38110","ap":"0","sp":"0","x":"NEW","X":"NEW","i":953242188,"l":"0","z":"0","L":"0","T":1622134815356,"t":0,"b":"0","a":"114.65010","m":false,"R":true,"wt":"CONTRACT_PRICE","ot":"LIMIT","ps":"LONG","cp":false,"rp":"0","pP":false,"si":0,"ss":0}}
19:00:15.872  Data load time: 23.14 sec
19:00:15.879  Subscribing to @aggTrade stream
19:00:15.880  Готов.
19:00:17.864   === Started ===
19:00:17.864  Жду название монеты ...
19:00:17.866  Starting strategies...
19:00:19.482   [S1] 19:00:19.482  {"e":"ORDER_TRADE_UPDATE","T":1622134819410,"E":1622134819415,"o":{"s":"LUNAUSDT","c":"x-yIXKfZTSS3bzFf4lkoDxAZWAGqMv5","S":"SELL","o":"LIMIT","f":"GTC","q":"3","p":"6.7550","ap":"0","sp":"0","x":"CANCELED","X":"CANCELED","i":828329994,"l":"0","z":"0","L":"0","T":1622134819410,"t":0,"b":"0","a":"0","m":false,"R":true,"wt":"CONTRACT_PRICE","ot":"LIMIT","ps":"LONG","cp":false,"rp":"0","pP":false,"si":0,"ss":0}}
19:00:19.805   [S1] 19:00:19.805  {"e":"ORDER_TRADE_UPDATE","T":1622134819720,"E":1622134819726,"o":{"s":"LUNAUSDT","c":"x-yIXKfZTSSMpcXYboBcFi80tH1Hfq9","S":"SELL","o":"LIMIT","f":"GTC","q":"3","p":"6.7660","ap":"0","sp":"0","x":"NEW","X":"NEW","i":828359383,"l":"0","z":"0","L":"0","T":1622134819720,"t":0,"b":"0","a":"20.2980","m":false,"R":true,"wt":"CONTRACT_PRICE","ot":"LIMIT","ps":"LONG","cp":false,"rp":"0","pP":false,"si":0,"ss":0}}
19:00:20.629   [S1] 19:00:20.629  {"e":"ORDER_TRADE_UPDATE","T":1622134820555,"E":1622134820560,"o":{"s":"LUNAUSDT","c":"x-yIXKfZTSSMpcXYboBcFi80tH1Hfq9","S":"SELL","o":"LIMIT","f":"GTC","q":"3","p":"6.7660","ap":"0","sp":"0","x":"CANCELED","X":"CANCELED","i":828359383,"l":"0","z":"0","L":"0","T":1622134820555,"t":0,"b":"0","a":"0","m":false,"R":true,"wt":"CONTRACT_PRICE","ot":"LIMIT","ps":"LONG","cp":false,"rp":"0","pP":false,"si":0,"ss":0}}
19:00:20.937   [S1] 19:00:20.937  {"e":"ORDER_TRADE_UPDATE","T":1622134820866,"E":1622134820871,"o":{"s":"LUNAUSDT","c":"x-yIXKfZTSSOKdT7len1MXrmSGucxz0","S":"SELL","o":"LIMIT","f":"GTC","q":"3","p":"6.7620","ap":"0","sp":"0","x":"NEW","X":"NEW","i":828359453,"l":"0","z":"0","L":"0","T":1622134820866,"t":0,"b":"0","a":"20.2860","m":false,"R":true,"wt":"CONTRACT_PRICE","ot":"LIMIT","ps":"LONG","cp":false,"rp":"0","pP":false,"si":0,"ss":0}}
19:00:23.917   [S1] 19:00:23.917  {"e":"ORDER_TRADE_UPDATE","T":1622134823847,"E":1622134823851,"o":{"s":"LUNAUSDT","c":"x-yIXKfZTSSOKdT7len1MXrmSGucxz0","S":"SELL","o":"LIMIT","f":"GTC","q":"3","p":"6.7620","ap":"0","sp":"0","x":"CANCELED","X":"CANCELED","i":828359453,"l":"0","z":"0","L":"0","T":1622134823847,"t":0,"b":"0","a":"0","m":false,"R":true,"wt":"CONTRACT_PRICE","ot":"LIMIT","ps":"LONG","cp":false,"rp":"0","pP":false,"si":0,"ss":0}}
19:00:24.208   [S1] 19:00:24.208  {"e":"ORDER_TRADE_UPDATE","T":1622134824134,"E":1622134824138,"o":{"s":"LUNAUSDT","c":"x-yIXKfZTSSd4tekjjJXbUufzzd2l0y","S":"SELL","o":"LIMIT","f":"GTC","q":"3","p":"6.7430","ap":"0","sp":"0","x":"NEW","X":"NEW","i":828359604,"l":"0","z":"0","L":"0","T":1622134824134,"t":0,"b":"0","a":"20.2290","m":false,"R":true,"wt":"CONTRACT_PRICE","ot":"LIMIT","ps":"LONG","cp":false,"rp":"0","pP":false,"si":0,"ss":0}}
19:00:24.969   [S1] 19:00:24.969  {"e":"ORDER_TRADE_UPDATE","T":1622134824898,"E":1622134824903,"o":{"s":"LUNAUSDT","c":"x-yIXKfZTSSd4tekjjJXbUufzzd2l0y","S":"SELL","o":"LIMIT","f":"GTC","q":"3","p":"6.7430","ap":"0","sp":"0","x":"CANCELED","X":"CANCELED","i":828359604,"l":"0","z":"0","L":"0","T":1622134824898,"t":0,"b":"0","a":"0","m":false,"R":true,"wt":"CONTRACT_PRICE","ot":"LIMIT","ps":"LONG","cp":false,"rp":"0","pP":false,"si":0,"ss":0}}
19:00:25.291   [S1] 19:00:25.291  {"e":"ORDER_TRADE_UPDATE","T":1622134825209,"E":1622134825211,"o":{"s":"LUNAUSDT","c":"x-yIXKfZTSSPzzHrFoUZYkGGDCbaSiR","S":"SELL","o":"LIMIT","f":"GTC","q":"3","p":"6.7570","ap":"0","sp":"0","x":"NEW","X":"NEW","i":828359715,"l":"0","z":"0","L":"0","T":1622134825209,"t":0,"b":"0","a":"20.2710","m":false,"R":true,"wt":"CONTRACT_PRICE","ot":"LIMIT","ps":"LONG","cp":false,"rp":"0","pP":false,"si":0,"ss":0}}
19:00:26.872   [S1] 19:00:26.872  {"e":"ORDER_TRADE_UPDATE","T":1622134826801,"E":1622134826806,"o":{"s":"BELUSDT","c":"x-yIXKfZTSMg6smWeCn94azniTvB7JF","S":"BUY","o":"LIMIT","f":"GTC","q":"3","p":"2.32280","ap":"0","sp":"0","x":"NEW","X":"NEW","i":953242856,"l":"0","z":"0","L":"0","T":1622134826801,"t":0,"b":"0","a":"114.65010","m":false,"R":false,"wt":"CONTRACT_PRICE","ot":"LIMIT","ps":"LONG","cp":false,"rp":"0","pP":false,"si":0,"ss":0}}
19:00:26.872  {"e":"ACCOUNT_UPDATE","T":1622134826801,"E":1622134826806,"a":{"B":[{"a":"USDT","wb":"521.84241879","cw":"514.61050230","bc":"0"}],"P":[{"s":"BELUSDT","pa":"0","ep":"0.00000","cr":"-67.24899988","up":"0","mt":"isolated","iw":"0","ps":"BOTH","ma":"USDT"},{"s":"BELUSDT","pa":"51","ep":"2.31428","cr":"1.20109985","up":"-0.22338000","mt":"isolated","iw":"6.17142558","ps":"LONG","ma":"USDT"},{"s":"BELUSDT","pa":"0","ep":"0.00000","cr":"2.84149983","up":"0","mt":"isolated","iw":"0","ps":"SHORT","ma":"USDT"}],"m":"ORDER"}}
19:00:26.873   [S1] 19:00:26.873  {"e":"ORDER_TRADE_UPDATE","T":1622134826801,"E":1622134826806,"o":{"s":"BELUSDT","c":"x-yIXKfZTSMg6smWeCn94azniTvB7JF","S":"BUY","o":"LIMIT","f":"GTC","q":"3","p":"2.32280","ap":"2.31000","sp":"0","x":"TRADE","X":"FILLED","i":953242856,"l":"3","z":"3","L":"2.31000","n":"0.00277200","N":"USDT","T":1622134826801,"t":22789906,"b":"0","a":"114.65010","m":false,"R":false,"wt":"CONTRACT_PRICE","ot":"LIMIT","ps":"LONG","cp":false,"rp":"0","pP":false,"si":0,"ss":0}}
19:00:26.909   [S1] 19:00:26.909  {"e":"ORDER_TRADE_UPDATE","T":1622134826838,"E":1622134826843,"o":{"s":"BELUSDT","c":"x-yIXKfZTSMWZzKoNukcIxqTmF0az8M","S":"BUY","o":"LIMIT","f":"GTC","q":"3","p":"2.31590","ap":"0","sp":"0","x":"NEW","X":"NEW","i":953242859,"l":"0","z":"0","L":"0","T":1622134826838,"t":0,"b":"0","a":"114.65010","m":false,"R":false,"wt":"CONTRACT_PRICE","ot":"LIMIT","ps":"LONG","cp":false,"rp":"0","pP":false,"si":0,"ss":0}}
19:00:26.909  {"e":"ACCOUNT_UPDATE","T":1622134826838,"E":1622134826843,"a":{"B":[{"a":"USDT","wb":"521.83964679","cw":"514.24600230","bc":"0"}],"P":[{"s":"BELUSDT","pa":"0","ep":"0.00000","cr":"-67.24899988","up":"0","mt":"isolated","iw":"0","ps":"BOTH","ma":"USDT"},{"s":"BELUSDT","pa":"54","ep":"2.31404","cr":"1.20109985","up":"-0.22356000","mt":"isolated","iw":"6.53315358","ps":"LONG","ma":"USDT"},{"s":"BELUSDT","pa":"0","ep":"0.00000","cr":"2.84149983","up":"0","mt":"isolated","iw":"0","ps":"SHORT","ma":"USDT"}],"m":"ORDER"}}
19:00:26.910   [S1] 19:00:26.910  {"e":"ORDER_TRADE_UPDATE","T":1622134826838,"E":1622134826843,"o":{"s":"BELUSDT","c":"x-yIXKfZTSMWZzKoNukcIxqTmF0az8M","S":"BUY","o":"LIMIT","f":"GTC","q":"3","p":"2.31590","ap":"2.31000","sp":"0","x":"TRADE","X":"FILLED","i":953242859,"l":"3","z":"3","L":"2.31000","n":"0.00277200","N":"USDT","T":1622134826838,"t":22789907,"b":"0","a":"114.65010","m":false,"R":false,"wt":"CONTRACT_PRICE","ot":"LIMIT","ps":"LONG","cp":false,"rp":"0","pP":false,"si":0,"ss":0}}
19:00:26.911   [S1] 19:00:26.911  {"e":"ORDER_TRADE_UPDATE","T":1622134826841,"E":1622134826845,"o":{"s":"BELUSDT","c":"x-yIXKfZTSMTovrmmyVzJ36drf4NCRD","S":"BUY","o":"LIMIT","f":"GTC","q":"3","p":"2.32050","ap":"0","sp":"0","x":"NEW","X":"NEW","i":953242860,"l":"0","z":"0","L":"0","T":1622134826841,"t":0,"b":"0","a":"114.65010","m":false,"R":false,"wt":"CONTRACT_PRICE","ot":"LIMIT","ps":"LONG","cp":false,"rp":"0","pP":false,"si":0,"ss":0}}
19:00:26.911  {"e":"ACCOUNT_UPDATE","T":1622134826841,"E":1622134826845,"a":{"B":[{"a":"USDT","wb":"521.83687479","cw":"513.86770230","bc":"0"}],"P":[{"s":"BELUSDT","pa":"0","ep":"0.00000","cr":"-67.24899988","up":"0","mt":"isolated","iw":"0","ps":"BOTH","ma":"USDT"},{"s":"BELUSDT","pa":"57","ep":"2.31383","cr":"1.20109985","up":"-0.22401000","mt":"isolated","iw":"6.90868158","ps":"LONG","ma":"USDT"},{"s":"BELUSDT","pa":"0","ep":"0.00000","cr":"2.84149983","up":"0","mt":"isolated","iw":"0","ps":"SHORT","ma":"USDT"}],"m":"ORDER"}}
19:00:26.911   [S1] 19:00:26.911  {"e":"ORDER_TRADE_UPDATE","T":1622134826841,"E":1622134826845,"o":{"s":"BELUSDT","c":"x-yIXKfZTSMTovrmmyVzJ36drf4NCRD","S":"BUY","o":"LIMIT","f":"GTC","q":"3","p":"2.32050","ap":"2.31000","sp":"0","x":"TRADE","X":"FILLED","i":953242860,"l":"3","z":"3","L":"2.31000","n":"0.00277200","N":"USDT","T":1622134826841,"t":22789908,"b":"0","a":"114.65010","m":false,"R":false,"wt":"CONTRACT_PRICE","ot":"LIMIT","ps":"LONG","cp":false,"rp":"0","pP":false,"si":0,"ss":0}}
19:00:26.937   [S1] 19:00:26.937  {"e":"ORDER_TRADE_UPDATE","T":1622134826869,"E":1622134826872,"o":{"s":"BELUSDT","c":"x-yIXKfZTSMKLf0HnnIW3gkipCwVMf6","S":"BUY","o":"LIMIT","f":"GTC","q":"3","p":"2.31820","ap":"0","sp":"0","x":"NEW","X":"NEW","i":953242862,"l":"0","z":"0","L":"0","T":1622134826869,"t":0,"b":"0","a":"114.65010","m":false,"R":false,"wt":"CONTRACT_PRICE","ot":"LIMIT","ps":"LONG","cp":false,"rp":"0","pP":false,"si":0,"ss":0}}
19:00:26.937  {"e":"ACCOUNT_UPDATE","T":1622134826869,"E":1622134826872,"a":{"B":[{"a":"USDT","wb":"521.83410279","cw":"513.49630230","bc":"0"}],"P":[{"s":"BELUSDT","pa":"0","ep":"0.00000","cr":"-67.24899988","up":"0","mt":"isolated","iw":"0","ps":"BOTH","ma":"USDT"},{"s":"BELUSDT","pa":"60","ep":"2.31364","cr":"1.20109985","up":"-0.22440000","mt":"isolated","iw":"7.27730958","ps":"LONG","ma":"USDT"},{"s":"BELUSDT","pa":"0","ep":"0.00000","cr":"2.84149983","up":"0","mt":"isolated","iw":"0","ps":"SHORT","ma":"USDT"}],"m":"ORDER"}}
19:00:26.938   [S1] 19:00:26.938  {"e":"ORDER_TRADE_UPDATE","T":1622134826869,"E":1622134826872,"o":{"s":"BELUSDT","c":"x-yIXKfZTSMKLf0HnnIW3gkipCwVMf6","S":"BUY","o":"LIMIT","f":"GTC","q":"3","p":"2.31820","ap":"2.31000","sp":"0","x":"TRADE","X":"FILLED","i":953242862,"l":"3","z":"3","L":"2.31000","n":"0.00277200","N":"USDT","T":1622134826869,"t":22789909,"b":"0","a":"114.65010","m":false,"R":false,"wt":"CONTRACT_PRICE","ot":"LIMIT","ps":"LONG","cp":false,"rp":"0","pP":false,"si":0,"ss":0}}
19:00:27.079   [S1] 19:00:27.079  {"e":"ORDER_TRADE_UPDATE","T":1622134827003,"E":1622134827009,"o":{"s":"LUNAUSDT","c":"x-yIXKfZTSSPzzHrFoUZYkGGDCbaSiR","S":"SELL","o":"LIMIT","f":"GTC","q":"3","p":"6.7570","ap":"0","sp":"0","x":"CANCELED","X":"CANCELED","i":828359715,"l":"0","z":"0","L":"0","T":1622134827003,"t":0,"b":"0","a":"0","m":false,"R":true,"wt":"CONTRACT_PRICE","ot":"LIMIT","ps":"LONG","cp":false,"rp":"0","pP":false,"si":0,"ss":0}}
19:00:27.373   [S1] 19:00:27.373  {"e":"ORDER_TRADE_UPDATE","T":1622134827302,"E":1622134827305,"o":{"s":"LUNAUSDT","c":"x-yIXKfZTSSmnXXzvY2nYGREHVWkyvj","S":"SELL","o":"LIMIT","f":"GTC","q":"3","p":"6.7610","ap":"0","sp":"0","x":"NEW","X":"NEW","i":828359967,"l":"0","z":"0","L":"0","T":1622134827302,"t":0,"b":"0","a":"20.2830","m":false,"R":true,"wt":"CONTRACT_PRICE","ot":"LIMIT","ps":"LONG","cp":false,"rp":"0","pP":false,"si":0,"ss":0}}
19:00:27.466   [S1] 19:00:27.466  {"e":"ORDER_TRADE_UPDATE","T":1622134827392,"E":1622134827397,"o":{"s":"BELUSDT","c":"x-yIXKfZTSSpGPZLU5UEamikt8Mzqsl","S":"SELL","o":"LIMIT","f":"GTC","q":"3","p":"2.38320","ap":"0","sp":"0","x":"NEW","X":"NEW","i":953242910,"l":"0","z":"0","L":"0","T":1622134827392,"t":0,"b":"0","a":"121.79970","m":false,"R":true,"wt":"CONTRACT_PRICE","ot":"LIMIT","ps":"LONG","cp":false,"rp":"0","pP":false,"si":0,"ss":0}}
19:00:27.473   [S1] 19:00:27.473  {"e":"ORDER_TRADE_UPDATE","T":1622134827402,"E":1622134827407,"o":{"s":"BELUSDT","c":"x-yIXKfZTSStTHYa7rZ8X2McDE6segW","S":"SELL","o":"LIMIT","f":"GTC","q":"3","p":"2.38320","ap":"0","sp":"0","x":"NEW","X":"NEW","i":953242911,"l":"0","z":"0","L":"0","T":1622134827402,"t":0,"b":"0","a":"128.94930","m":false,"R":true,"wt":"CONTRACT_PRICE","ot":"LIMIT","ps":"LONG","cp":false,"rp":"0","pP":false,"si":0,"ss":0}}
19:00:27.492   [S1] 19:00:27.492  {"e":"ORDER_TRADE_UPDATE","T":1622134827418,"E":1622134827423,"o":{"s":"BELUSDT","c":"x-yIXKfZTSStpUZtNMCj256b7ojlPUN","S":"SELL","o":"LIMIT","f":"GTC","q":"3","p":"2.38320","ap":"0","sp":"0","x":"NEW","X":"NEW","i":953242912,"l":"0","z":"0","L":"0","T":1622134827418,"t":0,"b":"0","a":"136.09890","m":false,"R":true,"wt":"CONTRACT_PRICE","ot":"LIMIT","ps":"LONG","cp":false,"rp":"0","pP":false,"si":0,"ss":0}}
19:00:27.513   [S1] 19:00:27.513  {"e":"ORDER_TRADE_UPDATE","T":1622134827433,"E":1622134827438,"o":{"s":"BELUSDT","c":"x-yIXKfZTSS2dL1dF4EEPtxCv1d0Wbn","S":"SELL","o":"LIMIT","f":"GTC","q":"3","p":"2.38320","ap":"0","sp":"0","x":"NEW","X":"NEW","i":953242915,"l":"0","z":"0","L":"0","T":1622134827433,"t":0,"b":"0","a":"143.24850","m":false,"R":true,"wt":"CONTRACT_PRICE","ot":"LIMIT","ps":"LONG","cp":false,"rp":"0","pP":false,"si":0,"ss":0}}
19:00:28.491   [S1] 19:00:28.491  {"e":"ORDER_TRADE_UPDATE","T":1622134828417,"E":1622134828423,"o":{"s":"LUNAUSDT","c":"x-yIXKfZTSSmnXXzvY2nYGREHVWkyvj","S":"SELL","o":"LIMIT","f":"GTC","q":"3","p":"6.7610","ap":"0","sp":"0","x":"CANCELED","X":"CANCELED","i":828359967,"l":"0","z":"0","L":"0","T":1622134828417,"t":0,"b":"0","a":"0","m":false,"R":true,"wt":"CONTRACT_PRICE","ot":"LIMIT","ps":"LONG","cp":false,"rp":"0","pP":false,"si":0,"ss":0}}
19:00:29.748   [S1] 19:00:29.748  {"e":"ORDER_TRADE_UPDATE","T":1622134829676,"E":1622134829680,"o":{"s":"LUNAUSDT","c":"x-yIXKfZTSSflKSTNEs0G6q7PXmJ3qh","S":"SELL","o":"LIMIT","f":"GTC","q":"3","p":"6.7690","ap":"0","sp":"0","x":"NEW","X":"NEW","i":828360119,"l":"0","z":"0","L":"0","T":1622134829676,"t":0,"b":"0","a":"20.3070","m":false,"R":true,"wt":"CONTRACT_PRICE","ot":"LIMIT","ps":"LONG","cp":false,"rp":"0","pP":false,"si":0,"ss":0}}
19:00:32.455   [S1] 19:00:32.455  {"e":"ORDER_TRADE_UPDATE","T":1622134832385,"E":1622134832389,"o":{"s":"LUNAUSDT","c":"x-yIXKfZTSSflKSTNEs0G6q7PXmJ3qh","S":"SELL","o":"LIMIT","f":"GTC","q":"3","p":"6.7690","ap":"0","sp":"0","x":"CANCELED","X":"CANCELED","i":828360119,"l":"0","z":"0","L":"0","T":1622134832385,"t":0,"b":"0","a":"0","m":false,"R":true,"wt":"CONTRACT_PRICE","ot":"LIMIT","ps":"LONG","cp":false,"rp":"0","pP":false,"si":0,"ss":0}}
19:00:32.756   [S1] 19:00:32.756  {"e":"ORDER_TRADE_UPDATE","T":1622134832679,"E":1622134832684,"o":{"s":"LUNAUSDT","c":"x-yIXKfZTSSrTjKFAyubs8fghPundOc","S":"SELL","o":"LIMIT","f":"GTC","q":"3","p":"6.7610","ap":"0","sp":"0","x":"NEW","X":"NEW","i":828360446,"l":"0","z":"0","L":"0","T":1622134832679,"t":0,"b":"0","a":"20.2830","m":false,"R":true,"wt":"CONTRACT_PRICE","ot":"LIMIT","ps":"LONG","cp":false,"rp":"0","pP":false,"si":0,"ss":0}}
19:00:33.690   [S1] 19:00:33.690  {"e":"ORDER_TRADE_UPDATE","T":1622134833620,"E":1622134833624,"o":{"s":"LUNAUSDT","c":"x-yIXKfZTSSrTjKFAyubs8fghPundOc","S":"SELL","o":"LIMIT","f":"GTC","q":"3","p":"6.7610","ap":"0","sp":"0","x":"CANCELED","X":"CANCELED","i":828360446,"l":"0","z":"0","L":"0","T":1622134833620,"t":0,"b":"0","a":"0","m":false,"R":true,"wt":"CONTRACT_PRICE","ot":"LIMIT","ps":"LONG","cp":false,"rp":"0","pP":false,"si":0,"ss":0}}
19:00:34.019   [S1] 19:00:34.019  {"e":"ORDER_TRADE_UPDATE","T":1622134833945,"E":1622134833947,"o":{"s":"LUNAUSDT","c":"x-yIXKfZTSSo5uMqyZV6sIHnLt7bbMn","S":"SELL","o":"LIMIT","f":"GTC","q":"3","p":"6.7620","ap":"0","sp":"0","x":"NEW","X":"NEW","i":828360556,"l":"0","z":"0","L":"0","T":1622134833945,"t":0,"b":"0","a":"20.2860","m":false,"R":true,"wt":"CONTRACT_PRICE","ot":"LIMIT","ps":"LONG","cp":false,"rp":"0","pP":false,"si":0,"ss":0}}
19:00:38.787   [S1] 19:00:38.787  {"e":"ORDER_TRADE_UPDATE","T":1622134838718,"E":1622134838722,"o":{"s":"BELUSDT","c":"x-yIXKfZTSMoTmZwmzjl9xnl6xD4laE","S":"BUY","o":"LIMIT","f":"GTC","q":"3","p":"2.31590","ap":"0","sp":"0","x":"NEW","X":"NEW","i":953243764,"l":"0","z":"0","L":"0","T":1622134838718,"t":0,"b":"0","a":"143.24850","m":false,"R":false,"wt":"CONTRACT_PRICE","ot":"LIMIT","ps":"LONG","cp":false,"rp":"0","pP":false,"si":0,"ss":0}}
19:00:38.787  {"e":"ACCOUNT_UPDATE","T":1622134838718,"E":1622134838722,"a":{"B":[{"a":"USDT","wb":"521.83132899","cw":"513.13966434","bc":"0"}],"P":[{"s":"BELUSDT","pa":"0","ep":"0.00000","cr":"-67.24899988","up":"0","mt":"isolated","iw":"0","ps":"BOTH","ma":"USDT"},{"s":"BELUSDT","pa":"63","ep":"2.31354","cr":"1.20109985","up":"-0.05886216","mt":"isolated","iw":"7.63117374","ps":"LONG","ma":"USDT"},{"s":"BELUSDT","pa":"0","ep":"0.00000","cr":"2.84149983","up":"0","mt":"isolated","iw":"0","ps":"SHORT","ma":"USDT"}],"m":"ORDER"}}
19:00:38.787   [S1] 19:00:38.787  {"e":"ORDER_TRADE_UPDATE","T":1622134838718,"E":1622134838722,"o":{"s":"BELUSDT","c":"x-yIXKfZTSMoTmZwmzjl9xnl6xD4laE","S":"BUY","o":"LIMIT","f":"GTC","q":"3","p":"2.31590","ap":"2.31150","sp":"0","x":"TRADE","X":"FILLED","i":953243764,"l":"3","z":"3","L":"2.31150","n":"0.00277380","N":"USDT","T":1622134838718,"t":22789980,"b":"0","a":"143.24850","m":false,"R":false,"wt":"CONTRACT_PRICE","ot":"LIMIT","ps":"LONG","cp":false,"rp":"0","pP":false,"si":0,"ss":0}}
19:00:38.814   [S1] 19:00:38.814  {"e":"ORDER_TRADE_UPDATE","T":1622134838730,"E":1622134838735,"o":{"s":"BELUSDT","c":"x-yIXKfZTSM3uVymT8SNYRKTJcaeAcG","S":"BUY","o":"LIMIT","f":"GTC","q":"3","p":"2.32280","ap":"0","sp":"0","x":"NEW","X":"NEW","i":953243768,"l":"0","z":"0","L":"0","T":1622134838730,"t":0,"b":"0","a":"143.24850","m":false,"R":false,"wt":"CONTRACT_PRICE","ot":"LIMIT","ps":"LONG","cp":false,"rp":"0","pP":false,"si":0,"ss":0}}
19:00:38.814  {"e":"ACCOUNT_UPDATE","T":1622134838730,"E":1622134838735,"a":{"B":[{"a":"USDT","wb":"521.82855531","cw":"512.76234138","bc":"0"}],"P":[{"s":"BELUSDT","pa":"0","ep":"0.00000","cr":"-67.24899988","up":"0","mt":"isolated","iw":"0","ps":"BOTH","ma":"USDT"},{"s":"BELUSDT","pa":"66","ep":"2.31344","cr":"1.20109985","up":"-0.05572512","mt":"isolated","iw":"8.00572302","ps":"LONG","ma":"USDT"},{"s":"BELUSDT","pa":"0","ep":"0.00000","cr":"2.84149983","up":"0","mt":"isolated","iw":"0","ps":"SHORT","ma":"USDT"}],"m":"ORDER"}}
19:00:38.814   [S1] 19:00:38.814  {"e":"ORDER_TRADE_UPDATE","T":1622134838730,"E":1622134838735,"o":{"s":"BELUSDT","c":"x-yIXKfZTSM3uVymT8SNYRKTJcaeAcG","S":"BUY","o":"LIMIT","f":"GTC","q":"3","p":"2.32280","ap":"2.31140","sp":"0","x":"TRADE","X":"FILLED","i":953243768,"l":"3","z":"3","L":"2.31140","n":"0.00277368","N":"USDT","T":1622134838730,"t":22789981,"b":"0","a":"143.24850","m":false,"R":false,"wt":"CONTRACT_PRICE","ot":"LIMIT","ps":"LONG","cp":false,"rp":"0","pP":false,"si":0,"ss":0}}
19:00:38.814   [S1] 19:00:38.814  {"e":"ORDER_TRADE_UPDATE","T":1622134838733,"E":1622134838737,"o":{"s":"BELUSDT","c":"x-yIXKfZTSMVnFIM0Y5Nds6ie2JGQEZ","S":"BUY","o":"LIMIT","f":"GTC","q":"3","p":"2.32050","ap":"0","sp":"0","x":"NEW","X":"NEW","i":953243769,"l":"0","z":"0","L":"0","T":1622134838733,"t":0,"b":"0","a":"143.24850","m":false,"R":false,"wt":"CONTRACT_PRICE","ot":"LIMIT","ps":"LONG","cp":false,"rp":"0","pP":false,"si":0,"ss":0}}
19:00:38.814  {"e":"ACCOUNT_UPDATE","T":1622134838733,"E":1622134838737,"a":{"B":[{"a":"USDT","wb":"521.82578151","cw":"512.39190342","bc":"0"}],"P":[{"s":"BELUSDT","pa":"0","ep":"0.00000","cr":"-67.24899988","up":"0","mt":"isolated","iw":"0","ps":"BOTH","ma":"USDT"},{"s":"BELUSDT","pa":"69","ep":"2.31336","cr":"1.20109985","up":"-0.05204808","mt":"isolated","iw":"8.37338718","ps":"LONG","ma":"USDT"},{"s":"BELUSDT","pa":"0","ep":"0.00000","cr":"2.84149983","up":"0","mt":"isolated","iw":"0","ps":"SHORT","ma":"USDT"}],"m":"ORDER"}}
19:00:38.816   [S1] 19:00:38.816  {"e":"ORDER_TRADE_UPDATE","T":1622134838733,"E":1622134838737,"o":{"s":"BELUSDT","c":"x-yIXKfZTSMVnFIM0Y5Nds6ie2JGQEZ","S":"BUY","o":"LIMIT","f":"GTC","q":"3","p":"2.32050","ap":"2.31150","sp":"0","x":"TRADE","X":"FILLED","i":953243769,"l":"3","z":"3","L":"2.31150","n":"0.00277380","N":"USDT","T":1622134838733,"t":22789982,"b":"0","a":"143.24850","m":false,"R":false,"wt":"CONTRACT_PRICE","ot":"LIMIT","ps":"LONG","cp":false,"rp":"0","pP":false,"si":0,"ss":0}}
19:00:38.816   [S1] 19:00:38.816  {"e":"ORDER_TRADE_UPDATE","T":1622134838743,"E":1622134838749,"o":{"s":"BELUSDT","c":"x-yIXKfZTSMMzMAVsx5ZnfQfSoh65G8","S":"BUY","o":"LIMIT","f":"GTC","q":"3","p":"2.31820","ap":"0","sp":"0","x":"NEW","X":"NEW","i":953243771,"l":"0","z":"0","L":"0","T":1622134838743,"t":0,"b":"0","a":"143.24850","m":false,"R":false,"wt":"CONTRACT_PRICE","ot":"LIMIT","ps":"LONG","cp":false,"rp":"0","pP":false,"si":0,"ss":0}}
19:00:38.816  {"e":"ACCOUNT_UPDATE","T":1622134838743,"E":1622134838749,"a":{"B":[{"a":"USDT","wb":"521.82300759","cw":"512.02835046","bc":"0"}],"P":[{"s":"BELUSDT","pa":"0","ep":"0.00000","cr":"-67.24899988","up":"0","mt":"isolated","iw":"0","ps":"BOTH","ma":"USDT"},{"s":"BELUSDT","pa":"72","ep":"2.31328","cr":"1.20109985","up":"-0.04927104","mt":"isolated","iw":"8.73416622","ps":"LONG","ma":"USDT"},{"s":"BELUSDT","pa":"0","ep":"0.00000","cr":"2.84149983","up":"0","mt":"isolated","iw":"0","ps":"SHORT","ma":"USDT"}],"m":"ORDER"}}
19:00:38.816   [S1] 19:00:38.816  {"e":"ORDER_TRADE_UPDATE","T":1622134838743,"E":1622134838749,"o":{"s":"BELUSDT","c":"x-yIXKfZTSMMzMAVsx5ZnfQfSoh65G8","S":"BUY","o":"LIMIT","f":"GTC","q":"3","p":"2.31820","ap":"2.31160","sp":"0","x":"TRADE","X":"FILLED","i":953243771,"l":"3","z":"3","L":"2.31160","n":"0.00277392","N":"USDT","T":1622134838743,"t":22789983,"b":"0","a":"143.24850","m":false,"R":false,"wt":"CONTRACT_PRICE","ot":"LIMIT","ps":"LONG","cp":false,"rp":"0","pP":false,"si":0,"ss":0}}
19:00:39.349   [S1] 19:00:39.349  {"e":"ORDER_TRADE_UPDATE","T":1622134839278,"E":1622134839283,"o":{"s":"BELUSDT","c":"x-yIXKfZTSSgHhs1oizV8YAUfu7i6NR","S":"SELL","o":"LIMIT","f":"GTC","q":"3","p":"2.38480","ap":"0","sp":"0","x":"NEW","X":"NEW","i":953243819,"l":"0","z":"0","L":"0","T":1622134839278,"t":0,"b":"0","a":"150.40290","m":false,"R":true,"wt":"CONTRACT_PRICE","ot":"LIMIT","ps":"LONG","cp":false,"rp":"0","pP":false,"si":0,"ss":0}}
19:00:39.361   [S1] 19:00:39.361  {"e":"ORDER_TRADE_UPDATE","T":1622134839292,"E":1622134839295,"o":{"s":"BELUSDT","c":"x-yIXKfZTSSUbSZpiBgjIVUvKFfmLtA","S":"SELL","o":"LIMIT","f":"GTC","q":"3","p":"2.38480","ap":"0","sp":"0","x":"NEW","X":"NEW","i":953243822,"l":"0","z":"0","L":"0","T":1622134839292,"t":0,"b":"0","a":"157.55730","m":false,"R":true,"wt":"CONTRACT_PRICE","ot":"LIMIT","ps":"LONG","cp":false,"rp":"0","pP":false,"si":0,"ss":0}}
19:00:39.375   [S1] 19:00:39.375  {"e":"ORDER_TRADE_UPDATE","T":1622134839303,"E":1622134839307,"o":{"s":"BELUSDT","c":"x-yIXKfZTSSBlZwmekYv3ydAkfSmrPR","S":"SELL","o":"LIMIT","f":"GTC","q":"3","p":"2.38480","ap":"0","sp":"0","x":"NEW","X":"NEW","i":953243825,"l":"0","z":"0","L":"0","T":1622134839303,"t":0,"b":"0","a":"164.71170","m":false,"R":true,"wt":"CONTRACT_PRICE","ot":"LIMIT","ps":"LONG","cp":false,"rp":"0","pP":false,"si":0,"ss":0}}
19:00:39.378   [S1] 19:00:39.378  {"e":"ORDER_TRADE_UPDATE","T":1622134839307,"E":1622134839312,"o":{"s":"BELUSDT","c":"x-yIXKfZTSSKuqjdeUz0JnWN6G0uKVk","S":"SELL","o":"LIMIT","f":"GTC","q":"3","p":"2.38500","ap":"0","sp":"0","x":"NEW","X":"NEW","i":953243826,"l":"0","z":"0","L":"0","T":1622134839307,"t":0,"b":"0","a":"171.86670","m":false,"R":true,"wt":"CONTRACT_PRICE","ot":"LIMIT","ps":"LONG","cp":false,"rp":"0","pP":false,"si":0,"ss":0}}
19:00:39.952   [S1] 19:00:39.952  {"e":"ORDER_TRADE_UPDATE","T":1622134839860,"E":1622134839864,"o":{"s":"BELUSDT","c":"x-yIXKfZTSMV20JxqAUYzAJZ3ILnxqa","S":"BUY","o":"LIMIT","f":"GTC","q":"3","p":"2.31590","ap":"0","sp":"0","x":"NEW","X":"NEW","i":953243860,"l":"0","z":"0","L":"0","T":1622134839860,"t":0,"b":"0","a":"171.86670","m":false,"R":false,"wt":"CONTRACT_PRICE","ot":"LIMIT","ps":"LONG","cp":false,"rp":"0","pP":false,"si":0,"ss":0}}
19:00:39.952  {"e":"ACCOUNT_UPDATE","T":1622134839860,"E":1622134839864,"a":{"B":[{"a":"USDT","wb":"521.82023415","cw":"511.67175765","bc":"0"}],"P":[{"s":"BELUSDT","pa":"0","ep":"0.00000","cr":"-67.24899988","up":"0","mt":"isolated","iw":"0","ps":"BOTH","ma":"USDT"},{"s":"BELUSDT","pa":"75","ep":"2.31320","cr":"1.20109985","up":"-0.04532025","mt":"isolated","iw":"9.08798559","ps":"LONG","ma":"USDT"},{"s":"BELUSDT","pa":"0","ep":"0.00000","cr":"2.84149983","up":"0","mt":"isolated","iw":"0","ps":"SHORT","ma":"USDT"}],"m":"ORDER"}}
19:00:39.952   [S1] 19:00:39.952  {"e":"ORDER_TRADE_UPDATE","T":1622134839860,"E":1622134839864,"o":{"s":"BELUSDT","c":"x-yIXKfZTSMV20JxqAUYzAJZ3ILnxqa","S":"BUY","o":"LIMIT","f":"GTC","q":"3","p":"2.31590","ap":"2.31120","sp":"0","x":"TRADE","X":"FILLED","i":953243860,"l":"3","z":"3","L":"2.31120","n":"0.00277344","N":"USDT","T":1622134839860,"t":22789991,"b":"0","a":"171.86670","m":false,"R":false,"wt":"CONTRACT_PRICE","ot":"LIMIT","ps":"LONG","cp":false,"rp":"0","pP":false,"si":0,"ss":0}}
19:00:39.962   [S1] 19:00:39.962  {"e":"ORDER_TRADE_UPDATE","T":1622134839869,"E":1622134839874,"o":{"s":"BELUSDT","c":"x-yIXKfZTSM9fmUzzSIslCrxFsJhQq1","S":"BUY","o":"LIMIT","f":"GTC","q":"3","p":"2.31820","ap":"0","sp":"0","x":"NEW","X":"NEW","i":953243865,"l":"0","z":"0","L":"0","T":1622134839869,"t":0,"b":"0","a":"171.86670","m":false,"R":false,"wt":"CONTRACT_PRICE","ot":"LIMIT","ps":"LONG","cp":false,"rp":"0","pP":false,"si":0,"ss":0}}
19:00:39.962  {"e":"ACCOUNT_UPDATE","T":1622134839869,"E":1622134839874,"a":{"B":[{"a":"USDT","wb":"521.81746035","cw":"511.30821984","bc":"0"}],"P":[{"s":"BELUSDT","pa":"0","ep":"0.00000","cr":"-67.24899988","up":"0","mt":"isolated","iw":"0","ps":"BOTH","ma":"USDT"},{"s":"BELUSDT","pa":"78","ep":"2.31313","cr":"1.20109985","up":"-0.04167306","mt":"isolated","iw":"9.44874960","ps":"LONG","ma":"USDT"},{"s":"BELUSDT","pa":"0","ep":"0.00000","cr":"2.84149983","up":"0","mt":"isolated","iw":"0","ps":"SHORT","ma":"USDT"}],"m":"ORDER"}}
19:00:39.963   [S1] 19:00:39.963  {"e":"ORDER_TRADE_UPDATE","T":1622134839869,"E":1622134839874,"o":{"s":"BELUSDT","c":"x-yIXKfZTSM9fmUzzSIslCrxFsJhQq1","S":"BUY","o":"LIMIT","f":"GTC","q":"3","p":"2.31820","ap":"2.31150","sp":"0","x":"TRADE","X":"FILLED","i":953243865,"l":"3","z":"3","L":"2.31150","n":"0.00277380","N":"USDT","T":1622134839869,"t":22789993,"b":"0","a":"171.86670","m":false,"R":false,"wt":"CONTRACT_PRICE","ot":"LIMIT","ps":"LONG","cp":false,"rp":"0","pP":false,"si":0,"ss":0}}
19:00:39.970   [S1] 19:00:39.970  {"e":"ORDER_TRADE_UPDATE","T":1622134839888,"E":1622134839893,"o":{"s":"BELUSDT","c":"x-yIXKfZTSMriQ9rpkEuzE8L3vfdKCc","S":"BUY","o":"LIMIT","f":"GTC","q":"3","p":"2.32050","ap":"0","sp":"0","x":"NEW","X":"NEW","i":953243867,"l":"0","z":"0","L":"0","T":1622134839888,"t":0,"b":"0","a":"171.86670","m":false,"R":false,"wt":"CONTRACT_PRICE","ot":"LIMIT","ps":"LONG","cp":false,"rp":"0","pP":false,"si":0,"ss":0}}
19:00:39.970  {"e":"ACCOUNT_UPDATE","T":1622134839888,"E":1622134839893,"a":{"B":[{"a":"USDT","wb":"521.81468643","cw":"510.93776703","bc":"0"}],"P":[{"s":"BELUSDT","pa":"0","ep":"0.00000","cr":"-67.24899988","up":"0","mt":"isolated","iw":"0","ps":"BOTH","ma":"USDT"},{"s":"BELUSDT","pa":"81","ep":"2.31308","cr":"1.20109985","up":"-0.03841587","mt":"isolated","iw":"9.81642849","ps":"LONG","ma":"USDT"},{"s":"BELUSDT","pa":"0","ep":"0.00000","cr":"2.84149983","up":"0","mt":"isolated","iw":"0","ps":"SHORT","ma":"USDT"}],"m":"ORDER"}}
19:00:39.971   [S1] 19:00:39.971  {"e":"ORDER_TRADE_UPDATE","T":1622134839888,"E":1622134839893,"o":{"s":"BELUSDT","c":"x-yIXKfZTSMriQ9rpkEuzE8L3vfdKCc","S":"BUY","o":"LIMIT","f":"GTC","q":"3","p":"2.32050","ap":"2.31160","sp":"0","x":"TRADE","X":"FILLED","i":953243867,"l":"3","z":"3","L":"2.31160","n":"0.00277392","N":"USDT","T":1622134839888,"t":22789994,"b":"0","a":"171.86670","m":false,"R":false,"wt":"CONTRACT_PRICE","ot":"LIMIT","ps":"LONG","cp":false,"rp":"0","pP":false,"si":0,"ss":0}}
19:00:39.971   [S1] 19:00:39.971  {"e":"ORDER_TRADE_UPDATE","T":1622134839890,"E":1622134839895,"o":{"s":"BELUSDT","c":"x-yIXKfZTSMMQZmNEv7JQSUHVR5Iy17","S":"BUY","o":"LIMIT","f":"GTC","q":"3","p":"2.32280","ap":"0","sp":"0","x":"NEW","X":"NEW","i":953243868,"l":"0","z":"0","L":"0","T":1622134839890,"t":0,"b":"0","a":"171.86670","m":false,"R":false,"wt":"CONTRACT_PRICE","ot":"LIMIT","ps":"LONG","cp":false,"rp":"0","pP":false,"si":0,"ss":0}}
19:00:39.971  {"e":"ACCOUNT_UPDATE","T":1622134839890,"E":1622134839895,"a":{"B":[{"a":"USDT","wb":"521.81191251","cw":"510.56041422","bc":"0"}],"P":[{"s":"BELUSDT","pa":"0","ep":"0.00000","cr":"-67.24899988","up":"0","mt":"isolated","iw":"0","ps":"BOTH","ma":"USDT"},{"s":"BELUSDT","pa":"84","ep":"2.31303","cr":"1.20109985","up":"-0.03563868","mt":"isolated","iw":"10.19100738","ps":"LONG","ma":"USDT"},{"s":"BELUSDT","pa":"0","ep":"0.00000","cr":"2.84149983","up":"0","mt":"isolated","iw":"0","ps":"SHORT","ma":"USDT"}],"m":"ORDER"}}
19:00:39.971   [S1] 19:00:39.971  {"e":"ORDER_TRADE_UPDATE","T":1622134839890,"E":1622134839895,"o":{"s":"BELUSDT","c":"x-yIXKfZTSMMQZmNEv7JQSUHVR5Iy17","S":"BUY","o":"LIMIT","f":"GTC","q":"3","p":"2.32280","ap":"2.31160","sp":"0","x":"TRADE","X":"FILLED","i":953243868,"l":"3","z":"3","L":"2.31160","n":"0.00277392","N":"USDT","T":1622134839890,"t":22789995,"b":"0","a":"171.86670","m":false,"R":false,"wt":"CONTRACT_PRICE","ot":"LIMIT","ps":"LONG","cp":false,"rp":"0","pP":false,"si":0,"ss":0}}
19:00:40.529   [S1] 19:00:40.529  {"e":"ORDER_TRADE_UPDATE","T":1622134840459,"E":1622134840464,"o":{"s":"BELUSDT","c":"x-yIXKfZTSSYpIA9dB5TFJ82AHnFnwC","S":"SELL","o":"LIMIT","f":"GTC","q":"3","p":"2.38480","ap":"0","sp":"0","x":"NEW","X":"NEW","i":953243887,"l":"0","z":"0","L":"0","T":1622134840459,"t":0,"b":"0","a":"179.02110","m":false,"R":true,"wt":"CONTRACT_PRICE","ot":"LIMIT","ps":"LONG","cp":false,"rp":"0","pP":false,"si":0,"ss":0}}
19:00:40.537   [S1] 19:00:40.537  {"e":"ORDER_TRADE_UPDATE","T":1622134840466,"E":1622134840472,"o":{"s":"BELUSDT","c":"x-yIXKfZTSS4AdQntqqfGCnhY9Jc2iq","S":"SELL","o":"LIMIT","f":"GTC","q":"3","p":"2.38500","ap":"0","sp":"0","x":"NEW","X":"NEW","i":953243888,"l":"0","z":"0","L":"0","T":1622134840466,"t":0,"b":"0","a":"186.17610","m":false,"R":true,"wt":"CONTRACT_PRICE","ot":"LIMIT","ps":"LONG","cp":false,"rp":"0","pP":false,"si":0,"ss":0}}
19:00:40.587   [S1] 19:00:40.587  {"e":"ORDER_TRADE_UPDATE","T":1622134840514,"E":1622134840520,"o":{"s":"BELUSDT","c":"x-yIXKfZTSSq6q9h1DWIhQw5GqJSvPG","S":"SELL","o":"LIMIT","f":"GTC","q":"3","p":"2.38500","ap":"0","sp":"0","x":"NEW","X":"NEW","i":953243889,"l":"0","z":"0","L":"0","T":1622134840514,"t":0,"b":"0","a":"193.33110","m":false,"R":true,"wt":"CONTRACT_PRICE","ot":"LIMIT","ps":"LONG","cp":false,"rp":"0","pP":false,"si":0,"ss":0}}
19:00:40.602   [S1] 19:00:40.602  {"e":"ORDER_TRADE_UPDATE","T":1622134840529,"E":1622134840534,"o":{"s":"BELUSDT","c":"x-yIXKfZTSS4Hh5j4H1HoTNduNprVs4","S":"SELL","o":"LIMIT","f":"GTC","q":"3","p":"2.38480","ap":"0","sp":"0","x":"NEW","X":"NEW","i":953243891,"l":"0","z":"0","L":"0","T":1622134840529,"t":0,"b":"0","a":"200.48550","m":false,"R":true,"wt":"CONTRACT_PRICE","ot":"LIMIT","ps":"LONG","cp":false,"rp":"0","pP":false,"si":0,"ss":0}}
19:00:40.743   [S1] 19:00:40.743  {"e":"ORDER_TRADE_UPDATE","T":1622134840672,"E":1622134840677,"o":{"s":"BELUSDT","c":"x-yIXKfZTSMN2IQPlWrkRKubF6x5XXz","S":"BUY","o":"LIMIT","f":"GTC","q":"3","p":"2.31810","ap":"0","sp":"0","x":"NEW","X":"NEW","i":953243904,"l":"0","z":"0","L":"0","T":1622134840672,"t":0,"b":"0","a":"200.48550","m":false,"R":false,"wt":"CONTRACT_PRICE","ot":"LIMIT","ps":"LONG","cp":false,"rp":"0","pP":false,"si":0,"ss":0}}
19:00:40.743  {"e":"ACCOUNT_UPDATE","T":1622134840672,"E":1622134840677,"a":{"B":[{"a":"USDT","wb":"521.80913859","cw":"510.19716156","bc":"0"}],"P":[{"s":"BELUSDT","pa":"0","ep":"0.00000","cr":"-67.24899988","up":"0","mt":"isolated","iw":"0","ps":"BOTH","ma":"USDT"},{"s":"BELUSDT","pa":"87","ep":"2.31298","cr":"1.20109985","up":"-0.03255714","mt":"isolated","iw":"10.55148612","ps":"LONG","ma":"USDT"},{"s":"BELUSDT","pa":"0","ep":"0.00000","cr":"2.84149983","up":"0","mt":"isolated","iw":"0","ps":"SHORT","ma":"USDT"}],"m":"ORDER"}}
19:00:40.744   [S1] 19:00:40.744  {"e":"ORDER_TRADE_UPDATE","T":1622134840672,"E":1622134840677,"o":{"s":"BELUSDT","c":"x-yIXKfZTSMN2IQPlWrkRKubF6x5XXz","S":"BUY","o":"LIMIT","f":"GTC","q":"3","p":"2.31810","ap":"2.31160","sp":"0","x":"TRADE","X":"FILLED","i":953243904,"l":"3","z":"3","L":"2.31160","n":"0.00277392","N":"USDT","T":1622134840672,"t":22789998,"b":"0","a":"200.48550","m":false,"R":false,"wt":"CONTRACT_PRICE","ot":"LIMIT","ps":"LONG","cp":false,"rp":"0","pP":false,"si":0,"ss":0}}
19:00:40.770   [S1] 19:00:40.770  {"e":"ORDER_TRADE_UPDATE","T":1622134840675,"E":1622134840679,"o":{"s":"BELUSDT","c":"x-yIXKfZTSM4fqpUsjDLs3dz4vBIJbI","S":"BUY","o":"LIMIT","f":"GTC","q":"3","p":"2.32270","ap":"0","sp":"0","x":"NEW","X":"NEW","i":953243905,"l":"0","z":"0","L":"0","T":1622134840675,"t":0,"b":"0","a":"200.48550","m":false,"R":false,"wt":"CONTRACT_PRICE","ot":"LIMIT","ps":"LONG","cp":false,"rp":"0","pP":false,"si":0,"ss":0}}
19:00:40.770  {"e":"ACCOUNT_UPDATE","T":1622134840675,"E":1622134840679,"a":{"B":[{"a":"USDT","wb":"521.80636467","cw":"509.82010890","bc":"0"}],"P":[{"s":"BELUSDT","pa":"0","ep":"0.00000","cr":"-67.24899988","up":"0","mt":"isolated","iw":"0","ps":"BOTH","ma":"USDT"},{"s":"BELUSDT","pa":"90","ep":"2.31293","cr":"1.20109985","up":"-0.03007980","mt":"isolated","iw":"10.92576486","ps":"LONG","ma":"USDT"},{"s":"BELUSDT","pa":"0","ep":"0.00000","cr":"2.84149983","up":"0","mt":"isolated","iw":"0","ps":"SHORT","ma":"USDT"}],"m":"ORDER"}}
19:00:40.770   [S1] 19:00:40.770  {"e":"ORDER_TRADE_UPDATE","T":1622134840675,"E":1622134840680,"o":{"s":"BELUSDT","c":"x-yIXKfZTSM4fqpUsjDLs3dz4vBIJbI","S":"BUY","o":"LIMIT","f":"GTC","q":"3","p":"2.32270","ap":"2.31160","sp":"0","x":"TRADE","X":"FILLED","i":953243905,"l":"3","z":"3","L":"2.31160","n":"0.00277392","N":"USDT","T":1622134840675,"t":22789999,"b":"0","a":"200.48550","m":false,"R":false,"wt":"CONTRACT_PRICE","ot":"LIMIT","ps":"LONG","cp":false,"rp":"0","pP":false,"si":0,"ss":0}}
19:00:40.771   [S1] 19:00:40.771  {"e":"ORDER_TRADE_UPDATE","T":1622134840700,"E":1622134840705,"o":{"s":"BELUSDT","c":"x-yIXKfZTSMJLr9u5hlAoSrp1m5g5Wp","S":"BUY","o":"LIMIT","f":"GTC","q":"3","p":"2.31580","ap":"0","sp":"0","x":"NEW","X":"NEW","i":953243909,"l":"0","z":"0","L":"0","T":1622134840700,"t":0,"b":"0","a":"200.48550","m":false,"R":false,"wt":"CONTRACT_PRICE","ot":"LIMIT","ps":"LONG","cp":false,"rp":"0","pP":false,"si":0,"ss":0}}
19:00:40.771  {"e":"ACCOUNT_UPDATE","T":1622134840700,"E":1622134840705,"a":{"B":[{"a":"USDT","wb":"521.80359075","cw":"509.46375624","bc":"0"}],"P":[{"s":"BELUSDT","pa":"0","ep":"0.00000","cr":"-67.24899988","up":"0","mt":"isolated","iw":"0","ps":"BOTH","ma":"USDT"},{"s":"BELUSDT","pa":"93","ep":"2.31289","cr":"1.20109985","up":"-0.02643246","mt":"isolated","iw":"11.27934360","ps":"LONG","ma":"USDT"},{"s":"BELUSDT","pa":"0","ep":"0.00000","cr":"2.84149983","up":"0","mt":"isolated","iw":"0","ps":"SHORT","ma":"USDT"}],"m":"ORDER"}}
19:00:40.771   [S1] 19:00:40.771  {"e":"ORDER_TRADE_UPDATE","T":1622134840700,"E":1622134840705,"o":{"s":"BELUSDT","c":"x-yIXKfZTSMJLr9u5hlAoSrp1m5g5Wp","S":"BUY","o":"LIMIT","f":"GTC","q":"3","p":"2.31580","ap":"2.31160","sp":"0","x":"TRADE","X":"FILLED","i":953243909,"l":"3","z":"3","L":"2.31160","n":"0.00277392","N":"USDT","T":1622134840700,"t":22790000,"b":"0","a":"200.48550","m":false,"R":false,"wt":"CONTRACT_PRICE","ot":"LIMIT","ps":"LONG","cp":false,"rp":"0","pP":false,"si":0,"ss":0}}
19:00:40.789   [S1] 19:00:40.789  {"e":"ORDER_TRADE_UPDATE","T":1622134840718,"E":1622134840723,"o":{"s":"BELUSDT","c":"x-yIXKfZTSMTrsxB9ZXKEjhwCQ6Fnpy","S":"BUY","o":"LIMIT","f":"GTC","q":"3","p":"2.32040","ap":"0","sp":"0","x":"NEW","X":"NEW","i":953243913,"l":"0","z":"0","L":"0","T":1622134840718,"t":0,"b":"0","a":"200.48550","m":false,"R":false,"wt":"CONTRACT_PRICE","ot":"LIMIT","ps":"LONG","cp":false,"rp":"0","pP":false,"si":0,"ss":0}}
19:00:40.789  {"e":"ACCOUNT_UPDATE","T":1622134840718,"E":1622134840723,"a":{"B":[{"a":"USDT","wb":"521.80081683","cw":"509.09360358","bc":"0"}],"P":[{"s":"BELUSDT","pa":"0","ep":"0.00000","cr":"-67.24899988","up":"0","mt":"isolated","iw":"0","ps":"BOTH","ma":"USDT"},{"s":"BELUSDT","pa":"96","ep":"2.31285","cr":"1.20109985","up":"-0.02344512","mt":"isolated","iw":"11.64672234","ps":"LONG","ma":"USDT"},{"s":"BELUSDT","pa":"0","ep":"0.00000","cr":"2.84149983","up":"0","mt":"isolated","iw":"0","ps":"SHORT","ma":"USDT"}],"m":"ORDER"}}
19:00:40.790   [S1] 19:00:40.790  {"e":"ORDER_TRADE_UPDATE","T":1622134840718,"E":1622134840723,"o":{"s":"BELUSDT","c":"x-yIXKfZTSMTrsxB9ZXKEjhwCQ6Fnpy","S":"BUY","o":"LIMIT","f":"GTC","q":"3","p":"2.32040","ap":"2.31160","sp":"0","x":"TRADE","X":"FILLED","i":953243913,"l":"3","z":"3","L":"2.31160","n":"0.00277392","N":"USDT","T":1622134840718,"t":22790001,"b":"0","a":"200.48550","m":false,"R":false,"wt":"CONTRACT_PRICE","ot":"LIMIT","ps":"LONG","cp":false,"rp":"0","pP":false,"si":0,"ss":0}}
19:00:41.068   [S1] 19:00:41.068  {"e":"ORDER_TRADE_UPDATE","T":1622134840996,"E":1622134841002,"o":{"s":"BELUSDT","c":"x-yIXKfZTSMy8SIpRlPUT34Lsx9nwYH","S":"BUY","o":"LIMIT","f":"GTC","q":"3","p":"2.31580","ap":"0","sp":"0","x":"NEW","X":"NEW","i":953243922,"l":"0","z":"0","L":"0","T":1622134840996,"t":0,"b":"0","a":"200.48550","m":false,"R":false,"wt":"CONTRACT_PRICE","ot":"LIMIT","ps":"LONG","cp":false,"rp":"0","pP":false,"si":0,"ss":0}}
19:00:41.068  {"e":"ACCOUNT_UPDATE","T":1622134840996,"E":1622134841002,"a":{"B":[{"a":"USDT","wb":"521.79804291","cw":"508.73725092","bc":"0"}],"P":[{"s":"BELUSDT","pa":"0","ep":"0.00000","cr":"-67.24899988","up":"0","mt":"isolated","iw":"0","ps":"BOTH","ma":"USDT"},{"s":"BELUSDT","pa":"99","ep":"2.31281","cr":"1.20109985","up":"-0.02021778","mt":"isolated","iw":"12.00030108","ps":"LONG","ma":"USDT"},{"s":"BELUSDT","pa":"0","ep":"0.00000","cr":"2.84149983","up":"0","mt":"isolated","iw":"0","ps":"SHORT","ma":"USDT"}],"m":"ORDER"}}
19:00:41.069   [S1] 19:00:41.069  {"e":"ORDER_TRADE_UPDATE","T":1622134840996,"E":1622134841002,"o":{"s":"BELUSDT","c":"x-yIXKfZTSMy8SIpRlPUT34Lsx9nwYH","S":"BUY","o":"LIMIT","f":"GTC","q":"3","p":"2.31580","ap":"2.31160","sp":"0","x":"TRADE","X":"FILLED","i":953243922,"l":"3","z":"3","L":"2.31160","n":"0.00277392","N":"USDT","T":1622134840996,"t":22790003,"b":"0","a":"200.48550","m":false,"R":false,"wt":"CONTRACT_PRICE","ot":"LIMIT","ps":"LONG","cp":false,"rp":"0","pP":false,"si":0,"ss":0}}
19:00:41.075   [S1] 19:00:41.075  {"e":"ORDER_TRADE_UPDATE","T":1622134841003,"E":1622134841009,"o":{"s":"BELUSDT","c":"x-yIXKfZTSM6C6ulJZ9XEfaPDJ3iMGL","S":"BUY","o":"LIMIT","f":"GTC","q":"3","p":"2.32270","ap":"0","sp":"0","x":"NEW","X":"NEW","i":953243923,"l":"0","z":"0","L":"0","T":1622134841003,"t":0,"b":"0","a":"200.48550","m":false,"R":false,"wt":"CONTRACT_PRICE","ot":"LIMIT","ps":"LONG","cp":false,"rp":"0","pP":false,"si":0,"ss":0}}
19:00:41.075  {"e":"ACCOUNT_UPDATE","T":1622134841003,"E":1622134841009,"a":{"B":[{"a":"USDT","wb":"521.79526899","cw":"508.36019826","bc":"0"}],"P":[{"s":"BELUSDT","pa":"0","ep":"0.00000","cr":"-67.24899988","up":"0","mt":"isolated","iw":"0","ps":"BOTH","ma":"USDT"},{"s":"BELUSDT","pa":"102","ep":"2.31277","cr":"1.20109985","up":"-0.01777044","mt":"isolated","iw":"12.37457982","ps":"LONG","ma":"USDT"},{"s":"BELUSDT","pa":"0","ep":"0.00000","cr":"2.84149983","up":"0","mt":"isolated","iw":"0","ps":"SHORT","ma":"USDT"}],"m":"ORDER"}}
19:00:41.086   [S1] 19:00:41.086  {"e":"ORDER_TRADE_UPDATE","T":1622134841003,"E":1622134841009,"o":{"s":"BELUSDT","c":"x-yIXKfZTSM6C6ulJZ9XEfaPDJ3iMGL","S":"BUY","o":"LIMIT","f":"GTC","q":"3","p":"2.32270","ap":"2.31160","sp":"0","x":"TRADE","X":"FILLED","i":953243923,"l":"3","z":"3","L":"2.31160","n":"0.00277392","N":"USDT","T":1622134841003,"t":22790004,"b":"0","a":"200.48550","m":false,"R":false,"wt":"CONTRACT_PRICE","ot":"LIMIT","ps":"LONG","cp":false,"rp":"0","pP":false,"si":0,"ss":0}}
19:00:41.086   [S1] 19:00:41.086  {"e":"ORDER_TRADE_UPDATE","T":1622134841012,"E":1622134841016,"o":{"s":"BELUSDT","c":"x-yIXKfZTSMqwDieuAX7pHFwNxCdFDg","S":"BUY","o":"LIMIT","f":"GTC","q":"3","p":"2.32040","ap":"0","sp":"0","x":"NEW","X":"NEW","i":953243924,"l":"0","z":"0","L":"0","T":1622134841012,"t":0,"b":"0","a":"200.48550","m":false,"R":false,"wt":"CONTRACT_PRICE","ot":"LIMIT","ps":"LONG","cp":false,"rp":"0","pP":false,"si":0,"ss":0}}
19:00:41.086  {"e":"ACCOUNT_UPDATE","T":1622134841012,"E":1622134841016,"a":{"B":[{"a":"USDT","wb":"521.79249507","cw":"507.99004560","bc":"0"}],"P":[{"s":"BELUSDT","pa":"0","ep":"0.00000","cr":"-67.24899988","up":"0","mt":"isolated","iw":"0","ps":"BOTH","ma":"USDT"},{"s":"BELUSDT","pa":"105","ep":"2.31274","cr":"1.20109985","up":"-0.01409310","mt":"isolated","iw":"12.74195856","ps":"LONG","ma":"USDT"},{"s":"BELUSDT","pa":"0","ep":"0.00000","cr":"2.84149983","up":"0","mt":"isolated","iw":"0","ps":"SHORT","ma":"USDT"}],"m":"ORDER"}}
19:00:41.086   [S1] 19:00:41.086  {"e":"ORDER_TRADE_UPDATE","T":1622134841012,"E":1622134841016,"o":{"s":"BELUSDT","c":"x-yIXKfZTSMqwDieuAX7pHFwNxCdFDg","S":"BUY","o":"LIMIT","f":"GTC","q":"3","p":"2.32040","ap":"2.31160","sp":"0","x":"TRADE","X":"FILLED","i":953243924,"l":"3","z":"3","L":"2.31160","n":"0.00277392","N":"USDT","T":1622134841012,"t":22790005,"b":"0","a":"200.48550","m":false,"R":false,"wt":"CONTRACT_PRICE","ot":"LIMIT","ps":"LONG","cp":false,"rp":"0","pP":false,"si":0,"ss":0}}
19:00:41.192   [S1] 19:00:41.192  {"e":"ORDER_TRADE_UPDATE","T":1622134841113,"E":1622134841118,"o":{"s":"BELUSDT","c":"x-yIXKfZTSM10r1N2Fmng16U8O2jcnT","S":"BUY","o":"LIMIT","f":"GTC","q":"3","p":"2.31810","ap":"0","sp":"0","x":"NEW","X":"NEW","i":953243930,"l":"0","z":"0","L":"0","T":1622134841113,"t":0,"b":"0","a":"200.48550","m":false,"R":false,"wt":"CONTRACT_PRICE","ot":"LIMIT","ps":"LONG","cp":false,"rp":"0","pP":false,"si":0,"ss":0}}
19:00:41.192  {"e":"ACCOUNT_UPDATE","T":1622134841113,"E":1622134841118,"a":{"B":[{"a":"USDT","wb":"521.78972115","cw":"507.62732319","bc":"0"}],"P":[{"s":"BELUSDT","pa":"0","ep":"0.00000","cr":"-67.24899988","up":"0","mt":"isolated","iw":"0","ps":"BOTH","ma":"USDT"},{"s":"BELUSDT","pa":"108","ep":"2.31271","cr":"1.20109985","up":"0.00783324","mt":"isolated","iw":"13.10190705","ps":"LONG","ma":"USDT"},{"s":"BELUSDT","pa":"0","ep":"0.00000","cr":"2.84149983","up":"0","mt":"isolated","iw":"0","ps":"SHORT","ma":"USDT"}],"m":"ORDER"}}
19:00:41.192   [S1] 19:00:41.192  {"e":"ORDER_TRADE_UPDATE","T":1622134841113,"E":1622134841118,"o":{"s":"BELUSDT","c":"x-yIXKfZTSM10r1N2Fmng16U8O2jcnT","S":"BUY","o":"LIMIT","f":"GTC","q":"3","p":"2.31810","ap":"2.31160","sp":"0","x":"TRADE","X":"FILLED","i":953243930,"l":"3","z":"3","L":"2.31160","n":"0.00277392","N":"USDT","T":1622134841113,"t":22790006,"b":"0","a":"200.48550","m":false,"R":false,"wt":"CONTRACT_PRICE","ot":"LIMIT","ps":"LONG","cp":false,"rp":"0","pP":false,"si":0,"ss":0}}
19:00:41.327   [S1] 19:00:41.327  {"e":"ORDER_TRADE_UPDATE","T":1622134841254,"E":1622134841261,"o":{"s":"BELUSDT","c":"x-yIXKfZTSSG56SlmgMBx5kR2UxNB9X","S":"SELL","o":"LIMIT","f":"GTC","q":"3","p":"2.38500","ap":"0","sp":"0","x":"NEW","X":"NEW","i":953243942,"l":"0","z":"0","L":"0","T":1622134841254,"t":0,"b":"0","a":"207.64050","m":false,"R":true,"wt":"CONTRACT_PRICE","ot":"LIMIT","ps":"LONG","cp":false,"rp":"0","pP":false,"si":0,"ss":0}}
19:00:41.338   [S1] 19:00:41.338  {"e":"ORDER_TRADE_UPDATE","T":1622134841266,"E":1622134841272,"o":{"s":"BELUSDT","c":"x-yIXKfZTSS0q3j8XfuT4wTZ9uHWY7l","S":"SELL","o":"LIMIT","f":"GTC","q":"3","p":"2.38500","ap":"0","sp":"0","x":"NEW","X":"NEW","i":953243946,"l":"0","z":"0","L":"0","T":1622134841266,"t":0,"b":"0","a":"214.79550","m":false,"R":true,"wt":"CONTRACT_PRICE","ot":"LIMIT","ps":"LONG","cp":false,"rp":"0","pP":false,"si":0,"ss":0}}
19:00:41.402   [S1] 19:00:41.402  {"e":"ORDER_TRADE_UPDATE","T":1622134841312,"E":1622134841316,"o":{"s":"BELUSDT","c":"x-yIXKfZTSSjyOP2ObgnBB9br6JxQoV","S":"SELL","o":"LIMIT","f":"GTC","q":"3","p":"2.38500","ap":"0","sp":"0","x":"NEW","X":"NEW","i":953243949,"l":"0","z":"0","L":"0","T":1622134841312,"t":0,"b":"0","a":"221.95050","m":false,"R":true,"wt":"CONTRACT_PRICE","ot":"LIMIT","ps":"LONG","cp":false,"rp":"0","pP":false,"si":0,"ss":0}}
19:00:41.402   [S1] 19:00:41.402  {"e":"ORDER_TRADE_UPDATE","T":1622134841329,"E":1622134841335,"o":{"s":"BELUSDT","c":"x-yIXKfZTSSyYHGPiZ1XpIjPX0qYq0q","S":"SELL","o":"LIMIT","f":"GTC","q":"3","p":"2.38500","ap":"0","sp":"0","x":"NEW","X":"NEW","i":953243950,"l":"0","z":"0","L":"0","T":1622134841329,"t":0,"b":"0","a":"229.10550","m":false,"R":true,"wt":"CONTRACT_PRICE","ot":"LIMIT","ps":"LONG","cp":false,"rp":"0","pP":false,"si":0,"ss":0}}
19:00:41.552   [S1] 19:00:41.552  {"e":"ORDER_TRADE_UPDATE","T":1622134841480,"E":1622134841485,"o":{"s":"BELUSDT","c":"x-yIXKfZTSMyW60nnTBfRcIJIwV5z2O","S":"BUY","o":"LIMIT","f":"GTC","q":"3","p":"2.31810","ap":"0","sp":"0","x":"NEW","X":"NEW","i":953243960,"l":"0","z":"0","L":"0","T":1622134841480,"t":0,"b":"0","a":"229.10550","m":false,"R":false,"wt":"CONTRACT_PRICE","ot":"LIMIT","ps":"LONG","cp":false,"rp":"0","pP":false,"si":0,"ss":0}}
19:00:41.552  {"e":"ACCOUNT_UPDATE","T":1622134841480,"E":1622134841485,"a":{"B":[{"a":"USDT","wb":"521.78694735","cw":"507.26461578","bc":"0"}],"P":[{"s":"BELUSDT","pa":"0","ep":"0.00000","cr":"-67.24899988","up":"0","mt":"isolated","iw":"0","ps":"BOTH","ma":"USDT"},{"s":"BELUSDT","pa":"111","ep":"2.31268","cr":"1.20109985","up":"0.01138083","mt":"isolated","iw":"13.46184066","ps":"LONG","ma":"USDT"},{"s":"BELUSDT","pa":"0","ep":"0.00000","cr":"2.84149983","up":"0","mt":"isolated","iw":"0","ps":"SHORT","ma":"USDT"}],"m":"ORDER"}}
19:00:41.552   [S1] 19:00:41.552  {"e":"ORDER_TRADE_UPDATE","T":1622134841480,"E":1622134841485,"o":{"s":"BELUSDT","c":"x-yIXKfZTSMyW60nnTBfRcIJIwV5z2O","S":"BUY","o":"LIMIT","f":"GTC","q":"3","p":"2.31810","ap":"2.31150","sp":"0","x":"TRADE","X":"FILLED","i":953243960,"l":"3","z":"3","L":"2.31150","n":"0.00277380","N":"USDT","T":1622134841480,"t":22790010,"b":"0","a":"229.10550","m":false,"R":false,"wt":"CONTRACT_PRICE","ot":"LIMIT","ps":"LONG","cp":false,"rp":"0","pP":false,"si":0,"ss":0}}
19:00:41.566   [S1] 19:00:41.566  {"e":"ORDER_TRADE_UPDATE","T":1622134841495,"E":1622134841500,"o":{"s":"BELUSDT","c":"x-yIXKfZTSMyn1CTD7YiAQkqHV9SStb","S":"BUY","o":"LIMIT","f":"GTC","q":"3","p":"2.32040","ap":"0","sp":"0","x":"NEW","X":"NEW","i":953243961,"l":"0","z":"0","L":"0","T":1622134841495,"t":0,"b":"0","a":"229.10550","m":false,"R":false,"wt":"CONTRACT_PRICE","ot":"LIMIT","ps":"LONG","cp":false,"rp":"0","pP":false,"si":0,"ss":0}}
19:00:41.566  {"e":"ACCOUNT_UPDATE","T":1622134841495,"E":1622134841500,"a":{"B":[{"a":"USDT","wb":"521.78417355","cw":"506.89500837","bc":"0"}],"P":[{"s":"BELUSDT","pa":"0","ep":"0.00000","cr":"-67.24899988","up":"0","mt":"isolated","iw":"0","ps":"BOTH","ma":"USDT"},{"s":"BELUSDT","pa":"114","ep":"2.31264","cr":"1.20109985","up":"0.01510842","mt":"isolated","iw":"13.82867427","ps":"LONG","ma":"USDT"},{"s":"BELUSDT","pa":"0","ep":"0.00000","cr":"2.84149983","up":"0","mt":"isolated","iw":"0","ps":"SHORT","ma":"USDT"}],"m":"ORDER"}}
19:00:41.566   [S1] 19:00:41.566  {"e":"ORDER_TRADE_UPDATE","T":1622134841495,"E":1622134841500,"o":{"s":"BELUSDT","c":"x-yIXKfZTSMyn1CTD7YiAQkqHV9SStb","S":"BUY","o":"LIMIT","f":"GTC","q":"3","p":"2.32040","ap":"2.31150","sp":"0","x":"TRADE","X":"FILLED","i":953243961,"l":"3","z":"3","L":"2.31150","n":"0.00277380","N":"USDT","T":1622134841495,"t":22790011,"b":"0","a":"229.10550","m":false,"R":false,"wt":"CONTRACT_PRICE","ot":"LIMIT","ps":"LONG","cp":false,"rp":"0","pP":false,"si":0,"ss":0}}
19:00:41.600   [S1] 19:00:41.600  {"e":"ORDER_TRADE_UPDATE","T":1622134841530,"E":1622134841533,"o":{"s":"BELUSDT","c":"x-yIXKfZTSMbt9Zcb1YFSlY4fPPx1qX","S":"BUY","o":"LIMIT","f":"GTC","q":"3","p":"2.31580","ap":"0","sp":"0","x":"NEW","X":"NEW","i":953243962,"l":"0","z":"0","L":"0","T":1622134841530,"t":0,"b":"0","a":"229.10550","m":false,"R":false,"wt":"CONTRACT_PRICE","ot":"LIMIT","ps":"LONG","cp":false,"rp":"0","pP":false,"si":0,"ss":0}}
19:00:41.600  {"e":"ACCOUNT_UPDATE","T":1622134841530,"E":1622134841533,"a":{"B":[{"a":"USDT","wb":"521.78139975","cw":"506.53920096","bc":"0"}],"P":[{"s":"BELUSDT","pa":"0","ep":"0.00000","cr":"-67.24899988","up":"0","mt":"isolated","iw":"0","ps":"BOTH","ma":"USDT"},{"s":"BELUSDT","pa":"117","ep":"2.31262","cr":"1.20109985","up":"0.01901601","mt":"isolated","iw":"14.18170788","ps":"LONG","ma":"USDT"},{"s":"BELUSDT","pa":"0","ep":"0.00000","cr":"2.84149983","up":"0","mt":"isolated","iw":"0","ps":"SHORT","ma":"USDT"}],"m":"ORDER"}}
19:00:41.601   [S1] 19:00:41.601  {"e":"ORDER_TRADE_UPDATE","T":1622134841530,"E":1622134841535,"o":{"s":"BELUSDT","c":"x-yIXKfZTSMbt9Zcb1YFSlY4fPPx1qX","S":"BUY","o":"LIMIT","f":"GTC","q":"3","p":"2.31580","ap":"2.31150","sp":"0","x":"TRADE","X":"FILLED","i":953243962,"l":"3","z":"3","L":"2.31150","n":"0.00277380","N":"USDT","T":1622134841530,"t":22790012,"b":"0","a":"229.10550","m":false,"R":false,"wt":"CONTRACT_PRICE","ot":"LIMIT","ps":"LONG","cp":false,"rp":"0","pP":false,"si":0,"ss":0}}
19:00:41.658   [S1] 19:00:41.658  {"e":"ORDER_TRADE_UPDATE","T":1622134841584,"E":1622134841589,"o":{"s":"BELUSDT","c":"x-yIXKfZTSMPNMaAbU7acqjRUDr7pxJ","S":"BUY","o":"LIMIT","f":"GTC","q":"3","p":"2.32270","ap":"0","sp":"0","x":"NEW","X":"NEW","i":953243964,"l":"0","z":"0","L":"0","T":1622134841584,"t":0,"b":"0","a":"229.10550","m":false,"R":false,"wt":"CONTRACT_PRICE","ot":"LIMIT","ps":"LONG","cp":false,"rp":"0","pP":false,"si":0,"ss":0}}
19:00:41.658  {"e":"ACCOUNT_UPDATE","T":1622134841584,"E":1622134841589,"a":{"B":[{"a":"USDT","wb":"521.77862595","cw":"506.16269355","bc":"0"}],"P":[{"s":"BELUSDT","pa":"0","ep":"0.00000","cr":"-67.24899988","up":"0","mt":"isolated","iw":"0","ps":"BOTH","ma":"USDT"},{"s":"BELUSDT","pa":"120","ep":"2.31259","cr":"1.20109985","up":"0.02310360","mt":"isolated","iw":"14.55544149","ps":"LONG","ma":"USDT"},{"s":"BELUSDT","pa":"0","ep":"0.00000","cr":"2.84149983","up":"0","mt":"isolated","iw":"0","ps":"SHORT","ma":"USDT"}],"m":"ORDER"}}
19:00:41.658   [S1] 19:00:41.658  {"e":"ORDER_TRADE_UPDATE","T":1622134841584,"E":1622134841589,"o":{"s":"BELUSDT","c":"x-yIXKfZTSMPNMaAbU7acqjRUDr7pxJ","S":"BUY","o":"LIMIT","f":"GTC","q":"3","p":"2.32270","ap":"2.31150","sp":"0","x":"TRADE","X":"FILLED","i":953243964,"l":"3","z":"3","L":"2.31150","n":"0.00277380","N":"USDT","T":1622134841584,"t":22790013,"b":"0","a":"229.10550","m":false,"R":false,"wt":"CONTRACT_PRICE","ot":"LIMIT","ps":"LONG","cp":false,"rp":"0","pP":false,"si":0,"ss":0}}
19:00:41.710   [S1] 19:00:41.710  {"e":"ORDER_TRADE_UPDATE","T":1622134841622,"E":1622134841629,"o":{"s":"BELUSDT","c":"x-yIXKfZTSShXJsefvUApuIb9m4BBZG","S":"SELL","o":"LIMIT","f":"GTC","q":"3","p":"2.38500","ap":"0","sp":"0","x":"NEW","X":"NEW","i":953243965,"l":"0","z":"0","L":"0","T":1622134841622,"t":0,"b":"0","a":"236.26050","m":false,"R":true,"wt":"CONTRACT_PRICE","ot":"LIMIT","ps":"LONG","cp":false,"rp":"0","pP":false,"si":0,"ss":0}}
19:00:41.713   [S1] 19:00:41.713  {"e":"ORDER_TRADE_UPDATE","T":1622134841634,"E":1622134841640,"o":{"s":"BELUSDT","c":"x-yIXKfZTSSEOP5vhqA6Wn1sZd2ihuL","S":"SELL","o":"LIMIT","f":"GTC","q":"3","p":"2.38500","ap":"0","sp":"0","x":"NEW","X":"NEW","i":953243966,"l":"0","z":"0","L":"0","T":1622134841634,"t":0,"b":"0","a":"243.41550","m":false,"R":true,"wt":"CONTRACT_PRICE","ot":"LIMIT","ps":"LONG","cp":false,"rp":"0","pP":false,"si":0,"ss":0}}
19:00:41.725   [S1] 19:00:41.725  {"e":"ORDER_TRADE_UPDATE","T":1622134841652,"E":1622134841656,"o":{"s":"BELUSDT","c":"x-yIXKfZTSSmfo4HQMYp691fDGhXGUv","S":"SELL","o":"LIMIT","f":"GTC","q":"3","p":"2.38500","ap":"0","sp":"0","x":"NEW","X":"NEW","i":953243967,"l":"0","z":"0","L":"0","T":1622134841652,"t":0,"b":"0","a":"250.57050","m":false,"R":true,"wt":"CONTRACT_PRICE","ot":"LIMIT","ps":"LONG","cp":false,"rp":"0","pP":false,"si":0,"ss":0}}
19:00:41.816   [S1] 19:00:41.816  {"e":"ORDER_TRADE_UPDATE","T":1622134841744,"E":1622134841748,"o":{"s":"BELUSDT","c":"x-yIXKfZTSSpUCISpztvkmM0fuypRuA","S":"SELL","o":"LIMIT","f":"GTC","q":"3","p":"2.38500","ap":"0","sp":"0","x":"NEW","X":"NEW","i":953243978,"l":"0","z":"0","L":"0","T":1622134841744,"t":0,"b":"0","a":"257.72550","m":false,"R":true,"wt":"CONTRACT_PRICE","ot":"LIMIT","ps":"LONG","cp":false,"rp":"0","pP":false,"si":0,"ss":0}}
19:00:42.272   [S1] 19:00:42.272  {"e":"ORDER_TRADE_UPDATE","T":1622134842186,"E":1622134842188,"o":{"s":"BELUSDT","c":"x-yIXKfZTSSXuePV8dRK0GhTbPaSVRV","S":"SELL","o":"LIMIT","f":"GTC","q":"3","p":"2.38480","ap":"0","sp":"0","x":"NEW","X":"NEW","i":953244026,"l":"0","z":"0","L":"0","T":1622134842186,"t":0,"b":"0","a":"264.87990","m":false,"R":true,"wt":"CONTRACT_PRICE","ot":"LIMIT","ps":"LONG","cp":false,"rp":"0","pP":false,"si":0,"ss":0}}
19:00:42.287   [S1] 19:00:42.272  {"e":"ORDER_TRADE_UPDATE","T":1622134842192,"E":1622134842195,"o":{"s":"BELUSDT","c":"x-yIXKfZTSSKbOKfGKOey3Un0L5arOg","S":"SELL","o":"LIMIT","f":"GTC","q":"3","p":"2.38480","ap":"0","sp":"0","x":"NEW","X":"NEW","i":953244030,"l":"0","z":"0","L":"0","T":1622134842192,"t":0,"b":"0","a":"272.03430","m":false,"R":true,"wt":"CONTRACT_PRICE","ot":"LIMIT","ps":"LONG","cp":false,"rp":"0","pP":false,"si":0,"ss":0}}
19:00:42.317   [S1] 19:00:42.317  {"e":"ORDER_TRADE_UPDATE","T":1622134842222,"E":1622134842226,"o":{"s":"BELUSDT","c":"x-yIXKfZTSSq1ytBKs4rp8udr1s7gB9","S":"SELL","o":"LIMIT","f":"GTC","q":"3","p":"2.38480","ap":"0","sp":"0","x":"NEW","X":"NEW","i":953244036,"l":"0","z":"0","L":"0","T":1622134842222,"t":0,"b":"0","a":"279.18870","m":false,"R":true,"wt":"CONTRACT_PRICE","ot":"LIMIT","ps":"LONG","cp":false,"rp":"0","pP":false,"si":0,"ss":0}}
19:00:42.472   [S1] 19:00:42.472  {"e":"ORDER_TRADE_UPDATE","T":1622134842398,"E":1622134842404,"o":{"s":"BELUSDT","c":"x-yIXKfZTSSt8fwTLg6uwCRm9oI8NKi","S":"SELL","o":"LIMIT","f":"GTC","q":"3","p":"2.38480","ap":"0","sp":"0","x":"NEW","X":"NEW","i":953244061,"l":"0","z":"0","L":"0","T":1622134842398,"t":0,"b":"0","a":"286.34310","m":false,"R":true,"wt":"CONTRACT_PRICE","ot":"LIMIT","ps":"LONG","cp":false,"rp":"0","pP":false,"si":0,"ss":0}}
19:00:45.031   [S1] 19:00:45.031  {"e":"ORDER_TRADE_UPDATE","T":1622134844961,"E":1622134844966,"o":{"s":"BELUSDT","c":"x-yIXKfZTSMiBeCmjkHNGv3Pl7O1k0v","S":"BUY","o":"LIMIT","f":"GTC","q":"3","p":"2.31850","ap":"0","sp":"0","x":"NEW","X":"NEW","i":953244264,"l":"0","z":"0","L":"0","T":1622134844961,"t":0,"b":"0","a":"286.34310","m":false,"R":false,"wt":"CONTRACT_PRICE","ot":"LIMIT","ps":"LONG","cp":false,"rp":"0","pP":false,"si":0,"ss":0}}
19:00:45.031  {"e":"ACCOUNT_UPDATE","T":1622134844961,"E":1622134844966,"a":{"B":[{"a":"USDT","wb":"521.77585203","cw":"505.79031252","bc":"0"}],"P":[{"s":"BELUSDT","pa":"0","ep":"0.00000","cr":"-67.24899988","up":"0","mt":"isolated","iw":"0","ps":"BOTH","ma":"USDT"},{"s":"BELUSDT","pa":"123","ep":"2.31256","cr":"1.20109985","up":"-0.32066223","mt":"isolated","iw":"14.92504860","ps":"LONG","ma":"USDT"},{"s":"BELUSDT","pa":"0","ep":"0.00000","cr":"2.84149983","up":"0","mt":"isolated","iw":"0","ps":"SHORT","ma":"USDT"}],"m":"ORDER"}}
19:00:45.031   [S1] 19:00:45.031  {"e":"ORDER_TRADE_UPDATE","T":1622134844961,"E":1622134844966,"o":{"s":"BELUSDT","c":"x-yIXKfZTSMiBeCmjkHNGv3Pl7O1k0v","S":"BUY","o":"LIMIT","f":"GTC","q":"3","p":"2.31850","ap":"2.31160","sp":"0","x":"TRADE","X":"FILLED","i":953244264,"l":"3","z":"3","L":"2.31160","n":"0.00277392","N":"USDT","T":1622134844961,"t":22790036,"b":"0","a":"286.34310","m":false,"R":false,"wt":"CONTRACT_PRICE","ot":"LIMIT","ps":"LONG","cp":false,"rp":"0","pP":false,"si":0,"ss":0}}
19:00:45.047   [S1] 19:00:45.047  {"e":"ORDER_TRADE_UPDATE","T":1622134844976,"E":1622134844981,"o":{"s":"BELUSDT","c":"x-yIXKfZTSMQvj7M1GfOypBrXC9UM8O","S":"BUY","o":"LIMIT","f":"GTC","q":"3","p":"2.31620","ap":"0","sp":"0","x":"NEW","X":"NEW","i":953244266,"l":"0","z":"0","L":"0","T":1622134844976,"t":0,"b":"0","a":"286.34310","m":false,"R":false,"wt":"CONTRACT_PRICE","ot":"LIMIT","ps":"LONG","cp":false,"rp":"0","pP":false,"si":0,"ss":0}}
19:00:45.047  {"e":"ACCOUNT_UPDATE","T":1622134844976,"E":1622134844981,"a":{"B":[{"a":"USDT","wb":"521.77307811","cw":"505.42483149","bc":"0"}],"P":[{"s":"BELUSDT","pa":"0","ep":"0.00000","cr":"-67.24899988","up":"0","mt":"isolated","iw":"0","ps":"BOTH","ma":"USDT"},{"s":"BELUSDT","pa":"126","ep":"2.31254","cr":"1.20109985","up":"-0.32596326","mt":"isolated","iw":"15.28775571","ps":"LONG","ma":"USDT"},{"s":"BELUSDT","pa":"0","ep":"0.00000","cr":"2.84149983","up":"0","mt":"isolated","iw":"0","ps":"SHORT","ma":"USDT"}],"m":"ORDER"}}
19:00:45.048   [S1] 19:00:45.048  {"e":"ORDER_TRADE_UPDATE","T":1622134844976,"E":1622134844981,"o":{"s":"BELUSDT","c":"x-yIXKfZTSMQvj7M1GfOypBrXC9UM8O","S":"BUY","o":"LIMIT","f":"GTC","q":"3","p":"2.31620","ap":"2.31160","sp":"0","x":"TRADE","X":"FILLED","i":953244266,"l":"3","z":"3","L":"2.31160","n":"0.00277392","N":"USDT","T":1622134844976,"t":22790037,"b":"0","a":"286.34310","m":false,"R":false,"wt":"CONTRACT_PRICE","ot":"LIMIT","ps":"LONG","cp":false,"rp":"0","pP":false,"si":0,"ss":0}}
19:00:45.057   [S1] 19:00:45.057  {"e":"ORDER_TRADE_UPDATE","T":1622134844985,"E":1622134844991,"o":{"s":"BELUSDT","c":"x-yIXKfZTSM2KGvlRUmy4QDPfoUNDKe","S":"BUY","o":"LIMIT","f":"GTC","q":"3","p":"2.32320","ap":"0","sp":"0","x":"NEW","X":"NEW","i":953244267,"l":"0","z":"0","L":"0","T":1622134844985,"t":0,"b":"0","a":"286.34310","m":false,"R":false,"wt":"CONTRACT_PRICE","ot":"LIMIT","ps":"LONG","cp":false,"rp":"0","pP":false,"si":0,"ss":0}}
19:00:45.058  {"e":"ACCOUNT_UPDATE","T":1622134844985,"E":1622134844991,"a":{"B":[{"a":"USDT","wb":"521.77030419","cw":"505.03835046","bc":"0"}],"P":[{"s":"BELUSDT","pa":"0","ep":"0.00000","cr":"-67.24899988","up":"0","mt":"isolated","iw":"0","ps":"BOTH","ma":"USDT"},{"s":"BELUSDT","pa":"129","ep":"2.31252","cr":"1.20109985","up":"-0.32985429","mt":"isolated","iw":"15.67146282","ps":"LONG","ma":"USDT"},{"s":"BELUSDT","pa":"0","ep":"0.00000","cr":"2.84149983","up":"0","mt":"isolated","iw":"0","ps":"SHORT","ma":"USDT"}],"m":"ORDER"}}
19:00:45.058   [S1] 19:00:45.058  {"e":"ORDER_TRADE_UPDATE","T":1622134844985,"E":1622134844991,"o":{"s":"BELUSDT","c":"x-yIXKfZTSM2KGvlRUmy4QDPfoUNDKe","S":"BUY","o":"LIMIT","f":"GTC","q":"3","p":"2.32320","ap":"2.31160","sp":"0","x":"TRADE","X":"FILLED","i":953244267,"l":"3","z":"3","L":"2.31160","n":"0.00277392","N":"USDT","T":1622134844985,"t":22790038,"b":"0","a":"286.34310","m":false,"R":false,"wt":"CONTRACT_PRICE","ot":"LIMIT","ps":"LONG","cp":false,"rp":"0","pP":false,"si":0,"ss":0}}
19:00:45.063   [S1] 19:00:45.063  {"e":"ORDER_TRADE_UPDATE","T":1622134844993,"E":1622134844998,"o":{"s":"BELUSDT","c":"x-yIXKfZTSM0u6uVNWc1VvOhuSek1hb","S":"BUY","o":"LIMIT","f":"GTC","q":"3","p":"2.32080","ap":"0","sp":"0","x":"NEW","X":"NEW","i":953244268,"l":"0","z":"0","L":"0","T":1622134844993,"t":0,"b":"0","a":"286.34310","m":false,"R":false,"wt":"CONTRACT_PRICE","ot":"LIMIT","ps":"LONG","cp":false,"rp":"0","pP":false,"si":0,"ss":0}}
19:00:45.063  {"e":"ACCOUNT_UPDATE","T":1622134844993,"E":1622134844998,"a":{"B":[{"a":"USDT","wb":"521.76753027","cw":"504.65906943","bc":"0"}],"P":[{"s":"BELUSDT","pa":"0","ep":"0.00000","cr":"-67.24899988","up":"0","mt":"isolated","iw":"0","ps":"BOTH","ma":"USDT"},{"s":"BELUSDT","pa":"132","ep":"2.31250","cr":"1.20109985","up":"-0.33488532","mt":"isolated","iw":"16.04796993","ps":"LONG","ma":"USDT"},{"s":"BELUSDT","pa":"0","ep":"0.00000","cr":"2.84149983","up":"0","mt":"isolated","iw":"0","ps":"SHORT","ma":"USDT"}],"m":"ORDER"}}
19:00:45.063   [S1] 19:00:45.063  {"e":"ORDER_TRADE_UPDATE","T":1622134844993,"E":1622134844998,"o":{"s":"BELUSDT","c":"x-yIXKfZTSM0u6uVNWc1VvOhuSek1hb","S":"BUY","o":"LIMIT","f":"GTC","q":"3","p":"2.32080","ap":"2.31160","sp":"0","x":"TRADE","X":"FILLED","i":953244268,"l":"3","z":"3","L":"2.31160","n":"0.00277392","N":"USDT","T":1622134844993,"t":22790039,"b":"0","a":"286.34310","m":false,"R":false,"wt":"CONTRACT_PRICE","ot":"LIMIT","ps":"LONG","cp":false,"rp":"0","pP":false,"si":0,"ss":0}}
19:00:45.625   [S1] 19:00:45.625  {"e":"ORDER_TRADE_UPDATE","T":1622134845552,"E":1622134845556,"o":{"s":"BELUSDT","c":"x-yIXKfZTSSHmrWY68ikpWN37IMPlF8","S":"SELL","o":"LIMIT","f":"GTC","q":"3","p":"2.38720","ap":"0","sp":"0","x":"NEW","X":"NEW","i":953244300,"l":"0","z":"0","L":"0","T":1622134845552,"t":0,"b":"0","a":"293.50470","m":false,"R":true,"wt":"CONTRACT_PRICE","ot":"LIMIT","ps":"LONG","cp":false,"rp":"0","pP":false,"si":0,"ss":0}}
19:00:45.636   [S1] 19:00:45.636  {"e":"ORDER_TRADE_UPDATE","T":1622134845564,"E":1622134845570,"o":{"s":"BELUSDT","c":"x-yIXKfZTSSr2AXSKCB6q1ndoL3uVNF","S":"SELL","o":"LIMIT","f":"GTC","q":"3","p":"2.38720","ap":"0","sp":"0","x":"NEW","X":"NEW","i":953244301,"l":"0","z":"0","L":"0","T":1622134845564,"t":0,"b":"0","a":"300.66630","m":false,"R":true,"wt":"CONTRACT_PRICE","ot":"LIMIT","ps":"LONG","cp":false,"rp":"0","pP":false,"si":0,"ss":0}}
19:00:45.641   [S1] 19:00:45.641  {"e":"ORDER_TRADE_UPDATE","T":1622134845569,"E":1622134845575,"o":{"s":"BELUSDT","c":"x-yIXKfZTSS25T5m87XTBzNbO5p77nt","S":"SELL","o":"LIMIT","f":"GTC","q":"3","p":"2.38720","ap":"0","sp":"0","x":"NEW","X":"NEW","i":953244303,"l":"0","z":"0","L":"0","T":1622134845569,"t":0,"b":"0","a":"307.82790","m":false,"R":true,"wt":"CONTRACT_PRICE","ot":"LIMIT","ps":"LONG","cp":false,"rp":"0","pP":false,"si":0,"ss":0}}
19:00:45.684   [S1] 19:00:45.684  {"e":"ORDER_TRADE_UPDATE","T":1622134845604,"E":1622134845611,"o":{"s":"BELUSDT","c":"x-yIXKfZTSS9QeaKA5QcOmqUnfATGzn","S":"SELL","o":"LIMIT","f":"GTC","q":"3","p":"2.38720","ap":"0","sp":"0","x":"NEW","X":"NEW","i":953244304,"l":"0","z":"0","L":"0","T":1622134845604,"t":0,"b":"0","a":"314.98950","m":false,"R":true,"wt":"CONTRACT_PRICE","ot":"LIMIT","ps":"LONG","cp":false,"rp":"0","pP":false,"si":0,"ss":0}}
19:00:46.960  Updater prepared: F:\Rabota(hobbi_\MoonBot  WorkCopy\updater.exe
19:00:46.961  Closing...
19:00:46.962   === Stopped ===
19:00:47.154  Stopping strategies...  (stop on app close) 
19:00:47.155  Waiting MoonShot shutdown. 
19:00:48.788    -  Save settings 
19:00:48.870    -  Waiting Market Engine thread...
19:00:48.915  GetOrderWorker: Pending Tasks: 0 Results: 0   
19:00:51.767    -  Closing db...
19:00:51.770  Backuping orders db ...
19:00:52.486    -  Stop APIs thread...
19:00:52.863   updater started. F:\Rabota(hobbi_\MoonBot  WorkCopy\updater.exe 
19:00:52.865    -  Quit 
19:00:56               
19:00:56           --- App Start ---   CPU: 8 cores   Memory: 17.06 Gb  UseMem: 100%   Canvas: TCanvasD2D
19:00:57.090           ---  Init. Exchange: Binance Futures  ---  v6.34 (25.04.2021)  VDS Mode: NO  FreePosMode: NO
19:01:00.483   UDP will exporter to port 2000
19:01:00.497   UDP will listen port 7851
19:01:04.528  Account Rate Limits: 2400 requests per minute,  1200 orders per minute, 300 orders per 10 seconds 
19:01:04.237  Auth: OK! Binance connection method: 0
19:01:08.614   == Reg. ID: 2206
19:01:08.615  Пожалуйста, зайдите в "Настройки - Логин" и поставьте галочку "Согласен отправлять результаты моих сделок на сервер" на всех ваших ботах. 
  Если вы не снимаете галочку минимум неделю, вам станут доступны некоторые особые функции, например стратегия покупки на листинге. 
  (Осталось 6.6 дней )
19:01:08.617  MultiOrders: NO (cfg: NO)  XFunction: NO 
19:01:08.618  Markets updated: 116  USDT Markets: 116
19:01:08.791  Bot's server message: Welcome!
19:01:10.104  SubscribeOrders: OK; key: URfVHeKIWkNpIJA8OwiKotIsu93ZLZW1InGg7IvIGmIa5joPoaLpvxN85hO6xE1p
19:01:10.460  PositionSide: {"dualSidePosition":true}
19:01:11.026   [S1] 19:01:11.026  {"e":"ORDER_TRADE_UPDATE","T":1622134870942,"E":1622134870947,"o":{"s":"BELUSDT","c":"x-yIXKfZTSS0bL9vHQAzsL9ImRt2Hq5","S":"SELL","o":"LIMIT","f":"GTC","q":"3","p":"2.40350","ap":"0","sp":"0","x":"CANCELED","X":"CANCELED","i":953249089,"l":"0","z":"0","L":"0","T":1622134870942,"t":0,"b":"55.70519","a":"93.80399","m":false,"R":true,"wt":"CONTRACT_PRICE","ot":"LIMIT","ps":"LONG","cp":false,"rp":"0","pP":false,"si":0,"ss":0}}
19:01:11.026   [S1] 19:01:11.026  {"e":"ORDER_TRADE_UPDATE","T":1622134870948,"E":1622134870953,"o":{"s":"BELUSDT","c":"x-yIXKfZTSSzqRDsDA9pHRG7cZIVwef","S":"SELL","o":"LIMIT","f":"GTC","q":"3","p":"2.40810","ap":"0","sp":"0","x":"CANCELED","X":"CANCELED","i":953248058,"l":"0","z":"0","L":"0","T":1622134870948,"t":0,"b":"55.70519","a":"86.57969","m":false,"R":true,"wt":"CONTRACT_PRICE","ot":"LIMIT","ps":"LONG","cp":false,"rp":"0","pP":false,"si":0,"ss":0}}
19:01:11.029   [S1] 19:01:11.029  {"e":"ORDER_TRADE_UPDATE","T":1622134870959,"E":1622134870963,"o":{"s":"BELUSDT","c":"x-yIXKfZTSSvaLIujAwuy7suSlKVgLq","S":"SELL","o":"LIMIT","f":"GTC","q":"3","p":"2.40990","ap":"0","sp":"0","x":"CANCELED","X":"CANCELED","i":953248070,"l":"0","z":"0","L":"0","T":1622134870959,"t":0,"b":"55.70519","a":"79.34999","m":false,"R":true,"wt":"CONTRACT_PRICE","ot":"LIMIT","ps":"LONG","cp":false,"rp":"0","pP":false,"si":0,"ss":0}}
19:01:11.029   [S1] 19:01:11.029  {"e":"ORDER_TRADE_UPDATE","T":1622134870959,"E":1622134870963,"o":{"s":"BELUSDT","c":"x-yIXKfZTSSQaCJpD92JxzcFgj9kP87","S":"SELL","o":"LIMIT","f":"GTC","q":"3","p":"2.40990","ap":"0","sp":"0","x":"CANCELED","X":"CANCELED","i":953248069,"l":"0","z":"0","L":"0","T":1622134870959,"t":0,"b":"55.70519","a":"72.12029","m":false,"R":true,"wt":"CONTRACT_PRICE","ot":"LIMIT","ps":"LONG","cp":false,"rp":"0","pP":false,"si":0,"ss":0}}
19:01:11.038   [S1] 19:01:11.038  {"e":"ORDER_TRADE_UPDATE","T":1622134870967,"E":1622134870971,"o":{"s":"BELUSDT","c":"x-yIXKfZTSSGzdvdsICJS5pagxbvrHJ","S":"SELL","o":"LIMIT","f":"GTC","q":"3","p":"2.40990","ap":"0","sp":"0","x":"CANCELED","X":"CANCELED","i":953248071,"l":"0","z":"0","L":"0","T":1622134870967,"t":0,"b":"55.70519","a":"64.89059","m":false,"R":true,"wt":"CONTRACT_PRICE","ot":"LIMIT","ps":"LONG","cp":false,"rp":"0","pP":false,"si":0,"ss":0}}
19:01:11.040   [S1] 19:01:11.040  {"e":"ORDER_TRADE_UPDATE","T":1622134870969,"E":1622134870973,"o":{"s":"BELUSDT","c":"x-yIXKfZTSSaOH6mOjvfT7U2YRm15wk","S":"SELL","o":"LIMIT","f":"GTC","q":"3","p":"2.39930","ap":"0","sp":"0","x":"CANCELED","X":"CANCELED","i":953249093,"l":"0","z":"0","L":"0","T":1622134870969,"t":0,"b":"55.70519","a":"57.69269","m":false,"R":true,"wt":"CONTRACT_PRICE","ot":"LIMIT","ps":"LONG","cp":false,"rp":"0","pP":false,"si":0,"ss":0}}
19:01:11.048   [S1] 19:01:11.048  {"e":"ORDER_TRADE_UPDATE","T":1622134870977,"E":1622134870982,"o":{"s":"BELUSDT","c":"x-yIXKfZTSSuTeezZfFFa9WqICp2ErN","S":"SELL","o":"LIMIT","f":"GTC","q":"3","p":"2.40520","ap":"0","sp":"0","x":"CANCELED","X":"CANCELED","i":953248611,"l":"0","z":"0","L":"0","T":1622134870977,"t":0,"b":"55.70519","a":"50.47709","m":false,"R":true,"wt":"CONTRACT_PRICE","ot":"LIMIT","ps":"LONG","cp":false,"rp":"0","pP":false,"si":0,"ss":0}}
