14:01:37               
14:01:37           --- App Start ---   CPU: 8 cores   Memory: 17.06 Gb  UseMem: 100%   Canvas: TCanvasD2D
14:01:38.134           ---  Init. Exchange: Binance Futures  ---  v6.32 (12.04.2021)  VDS Mode: NO  FreePosMode: NO
14:01:39.198   UDP will exporter to port 2000
14:01:39.263   UDP Init failed: Could not bind socket. Address and port are already in use. network functions won't work, sry. 
14:01:39.442  TimeSync tries:1  Offset: -13  NTPDelay: 24
14:01:39.867  Moved to monitor 0 Scale: 125 Width: 1920 Height: 1080 
14:01:42.031  Account Rate Limits: 2400 requests per minute,  1200 orders per minute, 300 orders per 10 seconds 
14:01:41.756  Auth: OK! Binance connection method: 0
14:01:46.244   == Reg. ID: 2206
14:01:46.245  Пожалуйста, зайдите в "Настройки - Логин" и поставьте галочку "Согласен отправлять результаты моих сделок на сервер" на всех ваших ботах. 
  Если вы не снимаете галочку минимум неделю, вам станут доступны некоторые особые функции, например стратегия покупки на листинге. 
  (Осталось 6.5 дней )
14:01:46.247  MultiOrders: NO (cfg: NO)  XFunction: NO 
14:01:46.248  Markets updated: 113  USDT Markets: 113
14:01:46.293  Bot's server message: Welcome!
14:01:47.527  SubscribeOrders: OK; key: QvDEfAZQaOXnpCSUhJ5P3Zd4rMPYAsBbQ87VgRPsZYVSyGjLG5pBhRdrqbaaIlCD
14:01:47.553  PositionSide: {"dualSidePosition":false}
14:01:49.127  SubscribeOrders2: OK; key: QvDEfAZQaOXnpCSUhJ5P3Zd4rMPYAsBbQ87VgRPsZYVSyGjLG5pBhRdrqbaaIlCD
14:01:54.585  Data load time: 8.08 sec
14:01:54.594  Готов.
14:01:54.594  Subscribing to @aggTrade stream
14:01:56.574   === Started ===
14:01:56.575  Жду название монеты ...
14:01:56.576  Starting strategies...
14:02:01.780   UDP Init failed: Could not bind socket. Address and port are already in use. network functions won't work, sry. 
14:02:24.795  Telegram connected
14:02:48.205   UDP Init failed: Could not bind socket. Address and port are already in use. network functions won't work, sry. 
14:02:51.673   [S1] 14:02:51.673  {"e":"ORDER_TRADE_UPDATE","T":1619352171519,"E":1619352171524,"o":{"s":"DENTUSDT","c":"x-yIXKfZTSMzBltm75jBKAQe9kayCiw","S":"BUY","o":"LIMIT","f":"GTC","q":"6051","p":"0.008252","ap":"0","sp":"0","x":"NEW","X":"NEW","i":322434232,"l":"0","z":"0","L":"0","T":1619352171519,"t":0,"b":"49.932852","a":"0","m":false,"R":false,"wt":"CONTRACT_PRICE","ot":"LIMIT","ps":"BOTH","cp":false,"rp":"0","pP":false,"si":0,"ss":0}}
14:02:52.347  {"e":"ACCOUNT_UPDATE","T":1619352172196,"E":1619352172199,"a":{"B":[{"a":"USDT","wb":"64.22855374","cw":"64.22855374","bc":"0"}],"P":[{"s":"DENTUSDT","pa":"6051","ep":"0.008252","cr":"3.57565400","up":"-0.11660277","mt":"cross","iw":"0","ps":"BOTH","ma":"USDT"},{"s":"DENTUSDT","pa":"0","ep":"0.000000","cr":"-0.06972400","up":"0","mt":"cross","iw":"0","ps":"LONG","ma":"USDT"},{"s":"DENTUSDT","pa":"0","ep":"0.000000","cr":"-0.08476600","up":"0","mt":"cross","iw":"0","ps":"SHORT","ma":"USDT"}],"m":"ORDER"}}
14:02:52.360   [S1] 14:02:52.360  {"e":"ORDER_TRADE_UPDATE","T":1619352172196,"E":1619352172199,"o":{"s":"DENTUSDT","c":"x-yIXKfZTSMzBltm75jBKAQe9kayCiw","S":"BUY","o":"LIMIT","f":"GTC","q":"6051","p":"0.008252","ap":"0.008252","sp":"0","x":"TRADE","X":"FILLED","i":322434232,"l":"6051","z":"6051","L":"0.008252","n":"0.00998657","N":"USDT","T":1619352172196,"t":20624935,"b":"0","a":"0","m":true,"R":false,"wt":"CONTRACT_PRICE","ot":"LIMIT","ps":"BOTH","cp":false,"rp":"0","pP":false,"si":0,"ss":0}}
14:02:52.877   [S1] 14:02:52.877  {"e":"ORDER_TRADE_UPDATE","T":1619352172726,"E":1619352172730,"o":{"s":"DENTUSDT","c":"x-yIXKfZTSSP7YBf33yDJaxbAn9GzIG","S":"SELL","o":"LIMIT","f":"GTC","q":"6051","p":"0.008563","ap":"0","sp":"0","x":"NEW","X":"NEW","i":322434447,"l":"0","z":"0","L":"0","T":1619352172726,"t":0,"b":"0","a":"51.814713","m":false,"R":false,"wt":"CONTRACT_PRICE","ot":"LIMIT","ps":"BOTH","cp":false,"rp":"0","pP":false,"si":0,"ss":0}}
14:03:02.050   [S1] 14:03:02.050  {"e":"ORDER_TRADE_UPDATE","T":1619352181899,"E":1619352181903,"o":{"s":"DENTUSDT","c":"x-yIXKfZTSSP7YBf33yDJaxbAn9GzIG","S":"SELL","o":"LIMIT","f":"GTC","q":"6051","p":"0.008563","ap":"0","sp":"0","x":"CANCELED","X":"CANCELED","i":322434447,"l":"0","z":"0","L":"0","T":1619352181899,"t":0,"b":"0","a":"0","m":false,"R":false,"wt":"CONTRACT_PRICE","ot":"LIMIT","ps":"BOTH","cp":false,"rp":"0","pP":false,"si":0,"ss":0}}
14:03:02.683   [S1] 14:03:02.683  {"e":"ORDER_TRADE_UPDATE","T":1619352182530,"E":1619352182535,"o":{"s":"DENTUSDT","c":"x-yIXKfZTSSXD88ctYJoSuxZ1bVUizf","S":"SELL","o":"LIMIT","f":"GTC","q":"6051","p":"0.008334","ap":"0","sp":"0","x":"NEW","X":"NEW","i":322436068,"l":"0","z":"0","L":"0","T":1619352182530,"t":0,"b":"0","a":"50.429033","m":false,"R":false,"wt":"CONTRACT_PRICE","ot":"LIMIT","ps":"BOTH","cp":false,"rp":"0","pP":false,"si":0,"ss":0}}
14:03:15.526   UDP will listen port 7851
14:03:26.851   [S1] 14:03:26.851  {"e":"ORDER_TRADE_UPDATE","T":1619352206700,"E":1619352206704,"o":{"s":"DENTUSDT","c":"x-yIXKfZTSSXD88ctYJoSuxZ1bVUizf","S":"SELL","o":"LIMIT","f":"GTC","q":"6051","p":"0.008334","ap":"0","sp":"0","x":"CANCELED","X":"CANCELED","i":322436068,"l":"0","z":"0","L":"0","T":1619352206700,"t":0,"b":"0","a":"0","m":false,"R":false,"wt":"CONTRACT_PRICE","ot":"LIMIT","ps":"BOTH","cp":false,"rp":"0","pP":false,"si":0,"ss":0}}
14:03:27.394   [S1] 14:03:27.394  {"e":"ORDER_TRADE_UPDATE","T":1619352207239,"E":1619352207245,"o":{"s":"DENTUSDT","c":"x-yIXKfZTSSIQXn3Hu3SiER4pRw6nYI","S":"SELL","o":"LIMIT","f":"GTC","q":"6051","p":"0.008245","ap":"0","sp":"0","x":"NEW","X":"NEW","i":322440125,"l":"0","z":"0","L":"0","T":1619352207239,"t":0,"b":"0","a":"49.890494","m":false,"R":false,"wt":"CONTRACT_PRICE","ot":"LIMIT","ps":"BOTH","cp":false,"rp":"0","pP":false,"si":0,"ss":0}}
14:03:30.039   UDP will listen port 7851
14:03:36.452   [S1] 14:03:36.452  {"e":"ORDER_TRADE_UPDATE","T":1619352216299,"E":1619352216304,"o":{"s":"DENTUSDT","c":"x-yIXKfZTSSIQXn3Hu3SiER4pRw6nYI","S":"SELL","o":"LIMIT","f":"GTC","q":"6051","p":"0.008245","ap":"0","sp":"0","x":"CANCELED","X":"CANCELED","i":322440125,"l":"0","z":"0","L":"0","T":1619352216299,"t":0,"b":"0","a":"0","m":false,"R":false,"wt":"CONTRACT_PRICE","ot":"LIMIT","ps":"BOTH","cp":false,"rp":"0","pP":false,"si":0,"ss":0}}
14:03:36.980   [S1] 14:03:36.980  {"e":"ORDER_TRADE_UPDATE","T":1619352216825,"E":1619352216830,"o":{"s":"DENTUSDT","c":"x-yIXKfZTSSAJAT551KoFlutJ1osJmS","S":"SELL","o":"LIMIT","f":"GTC","q":"6051","p":"0.008231","ap":"0","sp":"0","x":"NEW","X":"NEW","i":322442640,"l":"0","z":"0","L":"0","T":1619352216825,"t":0,"b":"0","a":"49.805781","m":false,"R":false,"wt":"CONTRACT_PRICE","ot":"LIMIT","ps":"BOTH","cp":false,"rp":"0","pP":false,"si":0,"ss":0}}
14:03:37.764   [S1] 14:03:37.764  {"e":"ORDER_TRADE_UPDATE","T":1619352217597,"E":1619352217601,"o":{"s":"DENTUSDT","c":"x-yIXKfZTSSAJAT551KoFlutJ1osJmS","S":"SELL","o":"LIMIT","f":"GTC","q":"6051","p":"0.008231","ap":"0","sp":"0","x":"CANCELED","X":"CANCELED","i":322442640,"l":"0","z":"0","L":"0","T":1619352217597,"t":0,"b":"0","a":"0","m":false,"R":false,"wt":"CONTRACT_PRICE","ot":"LIMIT","ps":"BOTH","cp":false,"rp":"0","pP":false,"si":0,"ss":0}}
14:03:38.278   [S1] 14:03:38.278  {"e":"ORDER_TRADE_UPDATE","T":1619352218128,"E":1619352218131,"o":{"s":"DENTUSDT","c":"x-yIXKfZTSSHq0GHKJn5FhHNCPwkDHa","S":"SELL","o":"LIMIT","f":"GTC","q":"6051","p":"0.008200","ap":"0","sp":"0","x":"NEW","X":"NEW","i":322443034,"l":"0","z":"0","L":"0","T":1619352218128,"t":0,"b":"0","a":"0","m":false,"R":false,"wt":"CONTRACT_PRICE","ot":"LIMIT","ps":"BOTH","cp":false,"rp":"0","pP":false,"si":0,"ss":0}}
14:03:38.278  {"e":"ACCOUNT_UPDATE","T":1619352218128,"E":1619352218131,"a":{"B":[{"a":"USDT","wb":"63.94244310","cw":"63.94244310","bc":"0"}],"P":[{"s":"DENTUSDT","pa":"0","ep":"0.000000","cr":"3.30941000","up":"0","mt":"cross","iw":"0","ps":"BOTH","ma":"USDT"},{"s":"DENTUSDT","pa":"0","ep":"0.000000","cr":"-0.06972400","up":"0","mt":"cross","iw":"0","ps":"LONG","ma":"USDT"},{"s":"DENTUSDT","pa":"0","ep":"0.000000","cr":"-0.08476600","up":"0","mt":"cross","iw":"0","ps":"SHORT","ma":"USDT"}],"m":"ORDER"}}
14:03:38.278   [S1] 14:03:38.278  {"e":"ORDER_TRADE_UPDATE","T":1619352218128,"E":1619352218131,"o":{"s":"DENTUSDT","c":"x-yIXKfZTSSHq0GHKJn5FhHNCPwkDHa","S":"SELL","o":"LIMIT","f":"GTC","q":"6051","p":"0.008200","ap":"0.008208","sp":"0","x":"TRADE","X":"FILLED","i":322443034,"l":"6051","z":"6051","L":"0.008208","n":"0.01986664","N":"USDT","T":1619352218128,"t":20625780,"b":"0","a":"0","m":false,"R":false,"wt":"CONTRACT_PRICE","ot":"LIMIT","ps":"BOTH","cp":false,"rp":"-0.26624400","pP":false,"si":0,"ss":0}}
14:03:50.571   [S1] 14:03:50.571  {"e":"ORDER_TRADE_UPDATE","T":1619352230419,"E":1619352230423,"o":{"s":"DENTUSDT","c":"x-yIXKfZTSMD36jCPjudlFVA36kZvzM","S":"BUY","o":"LIMIT","f":"GTC","q":"6076","p":"0.008217","ap":"0","sp":"0","x":"NEW","X":"NEW","i":322446744,"l":"0","z":"0","L":"0","T":1619352230419,"t":0,"b":"0","a":"0","m":false,"R":false,"wt":"CONTRACT_PRICE","ot":"LIMIT","ps":"BOTH","cp":false,"rp":"0","pP":false,"si":0,"ss":0}}
14:03:50.571  {"e":"ACCOUNT_UPDATE","T":1619352230419,"E":1619352230423,"a":{"B":[{"a":"USDT","wb":"63.92247980","cw":"63.92247980","bc":"0"}],"P":[{"s":"DENTUSDT","pa":"6076","ep":"0.008214","cr":"3.30941000","up":"-0.09478560","mt":"cross","iw":"0","ps":"BOTH","ma":"USDT"},{"s":"DENTUSDT","pa":"0","ep":"0.000000","cr":"-0.06972400","up":"0","mt":"cross","iw":"0","ps":"LONG","ma":"USDT"},{"s":"DENTUSDT","pa":"0","ep":"0.000000","cr":"-0.08476600","up":"0","mt":"cross","iw":"0","ps":"SHORT","ma":"USDT"}],"m":"ORDER"}}
14:03:50.571   [S1] 14:03:50.571  {"e":"ORDER_TRADE_UPDATE","T":1619352230419,"E":1619352230423,"o":{"s":"DENTUSDT","c":"x-yIXKfZTSMD36jCPjudlFVA36kZvzM","S":"BUY","o":"LIMIT","f":"GTC","q":"6076","p":"0.008217","ap":"0.008214","sp":"0","x":"TRADE","X":"FILLED","i":322446744,"l":"6076","z":"6076","L":"0.008214","n":"0.01996330","N":"USDT","T":1619352230419,"t":20626182,"b":"0","a":"0","m":false,"R":false,"wt":"CONTRACT_PRICE","ot":"LIMIT","ps":"BOTH","cp":false,"rp":"0","pP":false,"si":0,"ss":0}}
14:03:51.120   [S1] 14:03:51.120  {"e":"ORDER_TRADE_UPDATE","T":1619352230927,"E":1619352230934,"o":{"s":"DENTUSDT","c":"x-yIXKfZTSS0b3SBP1Ht6hEjTF3a1JQ","S":"SELL","o":"LIMIT","f":"GTC","q":"6076","p":"0.008546","ap":"0","sp":"0","x":"NEW","X":"NEW","i":322446903,"l":"0","z":"0","L":"0","T":1619352230927,"t":0,"b":"0","a":"51.925495","m":false,"R":false,"wt":"CONTRACT_PRICE","ot":"LIMIT","ps":"BOTH","cp":false,"rp":"0","pP":false,"si":0,"ss":0}}
14:03:54.259   [S1] 14:03:54.259  {"e":"ORDER_TRADE_UPDATE","T":1619352234104,"E":1619352234111,"o":{"s":"DENTUSDT","c":"x-yIXKfZTSS0b3SBP1Ht6hEjTF3a1JQ","S":"SELL","o":"LIMIT","f":"GTC","q":"6076","p":"0.008546","ap":"0","sp":"0","x":"CANCELED","X":"CANCELED","i":322446903,"l":"0","z":"0","L":"0","T":1619352234104,"t":0,"b":"0","a":"0","m":false,"R":false,"wt":"CONTRACT_PRICE","ot":"LIMIT","ps":"BOTH","cp":false,"rp":"0","pP":false,"si":0,"ss":0}}
14:03:54.783   [S1] 14:03:54.783  {"e":"ORDER_TRADE_UPDATE","T":1619352234628,"E":1619352234634,"o":{"s":"DENTUSDT","c":"x-yIXKfZTSS4MjikCuYBkwlg1mYkgzO","S":"SELL","o":"LIMIT","f":"GTC","q":"6076","p":"0.008318","ap":"0","sp":"0","x":"NEW","X":"NEW","i":322447718,"l":"0","z":"0","L":"0","T":1619352234628,"t":0,"b":"0","a":"50.540167","m":false,"R":false,"wt":"CONTRACT_PRICE","ot":"LIMIT","ps":"BOTH","cp":false,"rp":"0","pP":false,"si":0,"ss":0}}
14:03:55.556  Save strategies
14:04:00.537  Starting strategies...
14:04:02.354  Strategy +1000  ( Manual )  is active! Please stop it first! 
14:04:05.675  Save strategies
14:04:06.955  Save strategies
14:04:19.881  Save strategies
14:04:21.291  Starting strategies...
14:04:23.877  Save strategies
14:04:29.403   [S1] 14:04:29.403  {"e":"ORDER_TRADE_UPDATE","T":1619352269250,"E":1619352269255,"o":{"s":"DENTUSDT","c":"x-yIXKfZTSS4MjikCuYBkwlg1mYkgzO","S":"SELL","o":"LIMIT","f":"GTC","q":"6076","p":"0.008318","ap":"0","sp":"0","x":"CANCELED","X":"CANCELED","i":322447718,"l":"0","z":"0","L":"0","T":1619352269250,"t":0,"b":"0","a":"0","m":false,"R":false,"wt":"CONTRACT_PRICE","ot":"LIMIT","ps":"BOTH","cp":false,"rp":"0","pP":false,"si":0,"ss":0}}
14:04:29.932   [S1] 14:04:29.932  {"e":"ORDER_TRADE_UPDATE","T":1619352269780,"E":1619352269784,"o":{"s":"DENTUSDT","c":"x-yIXKfZTSSdEMut5tzQTD0zoW23HNm","S":"SELL","o":"LIMIT","f":"GTC","q":"6076","p":"0.008286","ap":"0","sp":"0","x":"NEW","X":"NEW","i":322456169,"l":"0","z":"0","L":"0","T":1619352269780,"t":0,"b":"0","a":"50.345736","m":false,"R":false,"wt":"CONTRACT_PRICE","ot":"LIMIT","ps":"BOTH","cp":false,"rp":"0","pP":false,"si":0,"ss":0}}
14:04:36.453   [S1] 14:04:36.453  {"e":"ORDER_TRADE_UPDATE","T":1619352276299,"E":1619352276305,"o":{"s":"DENTUSDT","c":"x-yIXKfZTSSdEMut5tzQTD0zoW23HNm","S":"SELL","o":"LIMIT","f":"GTC","q":"6076","p":"0.008286","ap":"0","sp":"0","x":"CANCELED","X":"CANCELED","i":322456169,"l":"0","z":"0","L":"0","T":1619352276299,"t":0,"b":"0","a":"0","m":false,"R":false,"wt":"CONTRACT_PRICE","ot":"LIMIT","ps":"BOTH","cp":false,"rp":"0","pP":false,"si":0,"ss":0}}
14:04:37.024   [S1] 14:04:37.024  {"e":"ORDER_TRADE_UPDATE","T":1619352276871,"E":1619352276876,"o":{"s":"DENTUSDT","c":"x-yIXKfZTSS6WL545SA9jWev1x5NzCm","S":"SELL","o":"LIMIT","f":"GTC","q":"6076","p":"0.008302","ap":"0","sp":"0","x":"NEW","X":"NEW","i":322457344,"l":"0","z":"0","L":"0","T":1619352276871,"t":0,"b":"0","a":"50.442952","m":false,"R":false,"wt":"CONTRACT_PRICE","ot":"LIMIT","ps":"BOTH","cp":false,"rp":"0","pP":false,"si":0,"ss":0}}
14:04:38.703   UDP will listen port 7851
14:04:46.478  Remote command received:  DE83B289090127C04D1C38CA 
14:04:46.479  Remote chat approved. ID=1418101988 name: moonbot_home
14:04:50.598  Remote command received:  DE83B289090127C04D1C38CA 
14:04:50.600  Remote chat approved. ID=1489266041 name: Отчёты @Yuno266
14:04:54.413  Updater prepared: F:\Rabota(hobbi_\MoonBot  @Yuno266\updater.exe
14:04:54.414  Closing...
14:04:54.415   === Stopped ===
14:04:54.474  Stopping strategies...  (stop on app close) 
14:04:54.476  Waiting MoonShot shutdown. 
14:04:56.051    -  Save settings 
14:04:56.124    -  Waiting Market Engine thread...
14:04:56.170  GetOrderWorker: Pending Tasks: 0 Results: 0   
14:04:58.434    -  Closing db...
14:04:58.435  Backuping orders db ...
14:04:59.366    -  Stop APIs thread...
14:04:59.618   updater started. F:\Rabota(hobbi_\MoonBot  @Yuno266\updater.exe 
14:04:59.626    -  Quit 
14:05:02               
14:05:02           --- App Start ---   CPU: 8 cores   Memory: 17.06 Gb  UseMem: 100%   Canvas: TCanvasD2D
14:05:03.093           ---  Init. Exchange: Binance Futures  ---  v6.33 (21.04.2021)  VDS Mode: NO  FreePosMode: NO
14:05:05.616   UDP will exporter to port 2000
14:05:05.620   UDP will listen port 7851
14:05:08.374  Account Rate Limits: 2400 requests per minute,  1200 orders per minute, 300 orders per 10 seconds 
14:05:08.095  Auth: OK! Binance connection method: 0
14:05:11.916   == Reg. ID: 2206
14:05:11.917  Пожалуйста, зайдите в "Настройки - Логин" и поставьте галочку "Согласен отправлять результаты моих сделок на сервер" на всех ваших ботах. 
  Если вы не снимаете галочку минимум неделю, вам станут доступны некоторые особые функции, например стратегия покупки на листинге. 
  (Осталось 6.5 дней )
14:05:11.918  MultiOrders: NO (cfg: NO)  XFunction: NO 
14:05:11.920  Markets updated: 113  USDT Markets: 113
14:05:12.045  Bot's server message: Welcome!
14:05:12.724  TimeSync tries:1  Offset: -7  NTPDelay: 32
14:05:13.255  SubscribeOrders: OK; key: QvDEfAZQaOXnpCSUhJ5P3Zd4rMPYAsBbQ87VgRPsZYVSyGjLG5pBhRdrqbaaIlCD
14:05:13.272  PositionSide: {"dualSidePosition":false}
14:05:14.336  SubscribeOrders2: OK; key: QvDEfAZQaOXnpCSUhJ5P3Zd4rMPYAsBbQ87VgRPsZYVSyGjLG5pBhRdrqbaaIlCD
14:05:20.156  Data load time: 7.92 sec
14:05:20.166  Готов.
14:05:20.166  Subscribing to @aggTrade stream
14:05:22.153   === Started ===
14:05:22.153  Жду название монеты ...
14:05:22.153  Starting strategies...
14:05:27.458   [S1] 14:05:27.458  {"e":"ORDER_TRADE_UPDATE","T":1619352327303,"E":1619352327309,"o":{"s":"DENTUSDT","c":"x-yIXKfZTSS6WL545SA9jWev1x5NzCm","S":"SELL","o":"LIMIT","f":"GTC","q":"6076","p":"0.008302","ap":"0","sp":"0","x":"CANCELED","X":"CANCELED","i":322457344,"l":"0","z":"0","L":"0","T":1619352327303,"t":0,"b":"0","a":"0","m":false,"R":false,"wt":"CONTRACT_PRICE","ot":"LIMIT","ps":"BOTH","cp":false,"rp":"0","pP":false,"si":0,"ss":0}}
14:05:27.986   [S1] 14:05:27.986  {"e":"ORDER_TRADE_UPDATE","T":1619352327827,"E":1619352327832,"o":{"s":"DENTUSDT","c":"x-yIXKfZTSSFk1Hm2dvZ2aoSDhYWqJp","S":"SELL","o":"LIMIT","f":"GTC","q":"6076","p":"0.008322","ap":"0","sp":"0","x":"NEW","X":"NEW","i":322467386,"l":"0","z":"0","L":"0","T":1619352327827,"t":0,"b":"0","a":"50.564471","m":false,"R":false,"wt":"CONTRACT_PRICE","ot":"LIMIT","ps":"BOTH","cp":false,"rp":"0","pP":false,"si":0,"ss":0}}
14:05:36.865   [S1] 14:05:36.865  {"e":"ORDER_TRADE_UPDATE","T":1619352336711,"E":1619352336716,"o":{"s":"DENTUSDT","c":"x-yIXKfZTSSFk1Hm2dvZ2aoSDhYWqJp","S":"SELL","o":"LIMIT","f":"GTC","q":"6076","p":"0.008322","ap":"0","sp":"0","x":"CANCELED","X":"CANCELED","i":322467386,"l":"0","z":"0","L":"0","T":1619352336711,"t":0,"b":"0","a":"0","m":false,"R":false,"wt":"CONTRACT_PRICE","ot":"LIMIT","ps":"BOTH","cp":false,"rp":"0","pP":false,"si":0,"ss":0}}
14:05:37.386   [S1] 14:05:37.386  {"e":"ORDER_TRADE_UPDATE","T":1619352337234,"E":1619352337238,"o":{"s":"DENTUSDT","c":"x-yIXKfZTSSToDchdPsQr7cmRHWssDC","S":"SELL","o":"LIMIT","f":"GTC","q":"6076","p":"0.008277","ap":"0","sp":"0","x":"NEW","X":"NEW","i":322470495,"l":"0","z":"0","L":"0","T":1619352337234,"t":0,"b":"0","a":"0","m":false,"R":false,"wt":"CONTRACT_PRICE","ot":"LIMIT","ps":"BOTH","cp":false,"rp":"0","pP":false,"si":0,"ss":0}}
14:05:37.386  {"e":"ACCOUNT_UPDATE","T":1619352337234,"E":1619352337238,"a":{"B":[{"a":"USDT","wb":"64.35803422","cw":"64.35803422","bc":"0"}],"P":[{"s":"DENTUSDT","pa":"0","ep":"0.000000","cr":"3.76511000","up":"0","mt":"cross","iw":"0","ps":"BOTH","ma":"USDT"},{"s":"DENTUSDT","pa":"0","ep":"0.000000","cr":"-0.06972400","up":"0","mt":"cross","iw":"0","ps":"LONG","ma":"USDT"},{"s":"DENTUSDT","pa":"0","ep":"0.000000","cr":"-0.08476600","up":"0","mt":"cross","iw":"0","ps":"SHORT","ma":"USDT"}],"m":"ORDER"}}
14:05:37.387   [S1] 14:05:37.387  {"e":"ORDER_TRADE_UPDATE","T":1619352337234,"E":1619352337238,"o":{"s":"DENTUSDT","c":"x-yIXKfZTSSToDchdPsQr7cmRHWssDC","S":"SELL","o":"LIMIT","f":"GTC","q":"6076","p":"0.008277","ap":"0.008289","sp":"0","x":"TRADE","X":"FILLED","i":322470495,"l":"6076","z":"6076","L":"0.008289","n":"0.02014558","N":"USDT","T":1619352337234,"t":20628336,"b":"0","a":"0","m":false,"R":false,"wt":"CONTRACT_PRICE","ot":"LIMIT","ps":"BOTH","cp":false,"rp":"0.45570000","pP":false,"si":0,"ss":0}}
14:05:37.792  Telegram connected
14:05:50.226  Closing...
14:05:50.229   === Stopped ===
14:05:50.694  Stopping strategies...  (stop on app close) 
14:05:50.695  Waiting MoonShot shutdown. 
14:05:52.300    -  Save settings 
14:05:52.362    -  Waiting Market Engine thread...
14:05:52.407  GetOrderWorker: Pending Tasks: 0 Results: 0   
14:05:55.056    -  Closing db...
14:05:55.057  Backuping orders db ...
14:05:55.695    -  Stop APIs thread...
14:05:55.983    -  Quit 
14:08:36               
14:08:36           --- App Start ---   CPU: 8 cores   Memory: 17.06 Gb  UseMem: 100%   Canvas: TCanvasD2D
14:08:37.272           ---  Init. Exchange: Binance Futures  ---  v6.33 (21.04.2021)  VDS Mode: NO  FreePosMode: NO
14:08:37.442  TimeSync tries:1  Offset: -7  NTPDelay: 38
14:08:38.209   UDP will exporter to port 2000
14:08:38.214   UDP will listen port 7851
14:08:38.805  Moved to monitor 0 Scale: 125 Width: 1920 Height: 1080 
14:08:41.368  Account Rate Limits: 2400 requests per minute,  1200 orders per minute, 300 orders per 10 seconds 
14:08:41.093  Auth: OK! Binance connection method: 0
14:08:45.561   == Reg. ID: 2206
14:08:45.561  Пожалуйста, зайдите в "Настройки - Логин" и поставьте галочку "Согласен отправлять результаты моих сделок на сервер" на всех ваших ботах. 
  Если вы не снимаете галочку минимум неделю, вам станут доступны некоторые особые функции, например стратегия покупки на листинге. 
  (Осталось 6.5 дней )
14:08:45.563  MultiOrders: NO (cfg: NO)  XFunction: NO 
14:08:45.564  Markets updated: 113  USDT Markets: 113
14:08:45.670  Bot's server message: Welcome!
14:08:46.737  SubscribeOrders: OK; key: QvDEfAZQaOXnpCSUhJ5P3Zd4rMPYAsBbQ87VgRPsZYVSyGjLG5pBhRdrqbaaIlCD
14:08:46.827  PositionSide: {"dualSidePosition":false}
14:08:47.993  SubscribeOrders2: OK; key: QvDEfAZQaOXnpCSUhJ5P3Zd4rMPYAsBbQ87VgRPsZYVSyGjLG5pBhRdrqbaaIlCD
14:08:53.970  Data load time: 8.11 sec
14:08:53.979  Готов.
14:08:53.979  Subscribing to @aggTrade stream
14:08:55.968   === Started ===
14:08:55.969  Жду название монеты ...
14:08:55.969  Starting strategies...
14:09:37.839  Telegram connected
14:09:49.413   UDP will listen port 7851
14:09:54.453  Remote command received:  5EFB8F040905E59E40E16722 
14:09:54.454  Remote chat approved. ID=1418101988 name: moonbot_home
14:10:29.755  Remote command received:  5EFB8F040905E59E40E16722 
14:10:29.756  Remote chat approved. ID=1193957401 name: Отчёты @flophlopbot
14:10:42.847   UDP will listen port 7851
14:10:45.594  Remote command received:  D5BC66980906B72676877914 
14:10:45.596  Remote chat approved. ID=1193957401 name: Отчёты @flophlopbot
14:10:47.754  Remote command received:  D5BC66980906B72676877914 
14:10:47.755  Remote chat approved. ID=1418101988 name: moonbot_home
14:10:50.291  Remote command received:  D5BC66980906B72676877914 
14:10:50.293  Remote chat approved. ID=1193957401 name: Отчёты @flophlopbot
14:11:09.066  EOS: PumpQ=-17355330 24vol=281m hvol=8652 k h3vol=39209 k sellX2=2906 k PumpsCount=0 SellProb=11% Delta24h=5.20% Delta3h=3.43  d1h: 1%  d15m: 0.7%  PumpD: 0.1%  PumpHDelta: 0.9%  DumpHDelta: 0.0%
14:11:09.071  EOS: (3) Task 3 started; USDT-EOS (strategy <+1000>) UseAsk: 5.2540 CurAsk: 5.2540  BUY 5.2618 (signal price -2%)
14:11:09.071  EOS: (3)  HistoryDataLoaded: YES 
14:11:09.073  EOS: (3)  Gonna set the order ... 
14:11:09.229  EOS: (3) USDT-EOS Buy order: 19.0000 USDT-EOS rate: 5.2620 Sum: 99.98$  ID: 0 cID: emu
14:11:09.229  EOS: (3) BUY Order SET!
14:11:09.235  EOS  (3) BUY   SL:OFF  TS:OFF  
14:11:09.237  EOS: (3) Buy order DONE! FILL: 100%  Opened: 14:11:09.073 Quantity: 19.00000000 Sum: 99.87$ Avg.Price: 5.2540 (ASK + 0% )
14:11:09.237  EOS: (3)   OrderCheck: vol: 19.00000000  ActualQ: 19.00000000  BTCvol: 99.86593039   TotalBTC: 99.86593039 -- vols:  wsQ: 19.00000000 wsBTC: 99.86593039 tBTC: 99.86593039
14:11:09.237  EOS: (3) Using (strategy <+1000>) SELL price: 1.00% = 5.3065
14:11:09.237  EOS: (3) SELL price corrected! delta=-0.20% 
14:11:09.532  EOS: (3) USDT-EOS Sell order: 19.0000 USDT-EOS rate: 5.2960 Sum: 100.62$  ID: 0 cID: emu
14:11:09.535  EOS: (3)   *** SELL order Set ! ***  Quantity: 19.00000000 Price: 5.2960
14:11:09.539  EOS  (3) SELL   SL:OFF  TS:OFF  
14:11:09.548  EOS (3) : Selling 0.00000000   Pos: 0.00000000  
14:11:12.620  Panic Sell Activated; allowed drop level: -1%
14:11:12.665  EOS: (3) Panic Sell Replacing....  <Spread: 0.20%>
14:11:12.665  EOS: (3) SELL order replace request...
14:11:12.696  EOS: (3) SELL order canceled! 
14:11:13.028  EOS: (3) USDT-EOS Sell order: 19.0000 USDT-EOS rate: 5.2430 Sum: 99.62$  ID: 0 cID: emu
14:11:13.028  EOS: (3) SELL order replaced ! 
14:11:13.089  EOS: (3)   OrderCheck: vol: 19.00000000  ActualQ: 19.00000000  BTCvol: 99.76707721   TotalBTC: 99.76707721 -- vols:  wsQ: 19.00000000 wsBTC: 99.76707721 tBTC: 99.76707721
14:11:13.089  EOS: (3)   *** SELL order DONE ! ***  Quantity: 19.0000 Avg.Price: 5.2530 Sum: 99.77$ Delta: -0.10$  wsQ:19.0000 wsBTC: 99.77$ rQ: 0.00000000
14:11:13.089  EOS: (3)   *** Sell/Buy: - 0%
14:11:13.089  EOS: (3)   *** Sell/ASK: + 0%
14:11:13.108    *** Sell #EOS done, total:  - 0.10 $ (-2.0%) 
14:11:26.063   UDP will listen port 7851
14:11:53.513   UDP will listen port 7851
14:12:15.624   UDP will listen port 7851
14:12:17.347  Remote command received:  537E6997090821C3E4B2F3F8 
14:12:17.348  Remote chat approved. ID=1193957401 name: Отчёты @flophlopbot
14:12:23.101  EOS: PumpQ=-17355330 24vol=281m hvol=8652 k h3vol=39209 k sellX2=2906 k PumpsCount=0 SellProb=11% Delta24h=5.20% Delta3h=3.43  d1h: 1%  d15m: 0.9%  PumpD: 0.4%  PumpHDelta: 1.2%  DumpHDelta: 0.0%
14:12:23.105  EOS: (4) Task 4 started; USDT-EOS (strategy <+1000>) UseAsk: 5.2670 CurAsk: 5.2670  BUY 5.2991 (signal price -2%)
14:12:23.105  EOS: (4)  HistoryDataLoaded: YES 
14:12:23.106  EOS: (4)  Gonna set the order ... 
14:12:23.244  EOS: (4) USDT-EOS Buy order: 18.9000 USDT-EOS rate: 5.2990 Sum: 100.15$  ID: 0 cID: emu
14:12:23.244  EOS: (4) BUY Order SET!
14:12:23.252  EOS  (4) BUY   SL:OFF  TS:OFF  
14:12:23.253  EOS: (4) Buy order DONE! FILL: 100%  Opened: 14:12:23.106 Quantity: 18.90000000 Sum: 99.59$ Avg.Price: 5.2670 (ASK + 0% )
14:12:23.253  EOS: (4)   OrderCheck: vol: 18.90000000  ActualQ: 18.90000000  BTCvol: 99.58611851   TotalBTC: 99.58611851 -- vols:  wsQ: 18.90000000 wsBTC: 99.58611851 tBTC: 99.58611851
14:12:23.253  EOS: (4) Using (strategy <+1000>) SELL price: 1.00% = 5.3197
14:12:23.253  EOS: (4) SELL price corrected! delta=-0.18% 
14:12:23.591  EOS: (4) USDT-EOS Sell order: 18.9000 USDT-EOS rate: 5.3100 Sum: 100.36$  ID: 0 cID: emu
14:12:23.591  EOS: (4)   *** SELL order Set ! ***  Quantity: 18.90000000 Price: 5.3100
14:12:23.594  EOS  (4) SELL   SL:OFF  TS:OFF  
14:12:23.603  EOS (4) : Selling 0.00000000   Pos: 0.00000000  
14:12:24.560  Panic Sell Activated; allowed drop level: -1%
14:12:24.618  EOS: (4) Panic Sell Replacing....  <Spread: 0.20%>
14:12:24.618  EOS: (4) SELL order replace request...
14:12:24.648  EOS: (4) SELL order canceled! 
14:12:24.994  EOS: (4) USDT-EOS Sell order: 18.9000 USDT-EOS rate: 5.2580 Sum: 99.38$  ID: 0 cID: emu
14:12:24.994  EOS: (4) SELL order replaced ! 
14:12:25.069  EOS: (4)   OrderCheck: vol: 18.90000000  ActualQ: 18.90000000  BTCvol: 99.52537393   TotalBTC: 99.52537393 -- vols:  wsQ: 18.90000000 wsBTC: 99.52537393 tBTC: 99.52537393
14:12:25.069  EOS: (4)   *** SELL order DONE ! ***  Quantity: 18.9000 Avg.Price: 5.2680 Sum: 99.53$ Delta: -0.06$  wsQ:18.9000 wsBTC: 99.53$ rQ: 0.00000000
14:12:25.069  EOS: (4)   *** Sell/Buy: + 0%
14:12:25.069  EOS: (4)   *** Sell/ASK: + 0%
14:12:25.080    *** Sell #EOS done, total:  - 0.06 $ (-1.2%) 
14:13:25.877   [S1] 14:13:25.877  {"e":"ORDER_TRADE_UPDATE","T":1619352805724,"E":1619352805729,"o":{"s":"ALICEUSDT","c":"x-yIXKfZTSMj8RZOINrsLaiibJaEwhG","S":"BUY","o":"LIMIT","f":"GTC","q":"21.4","p":"9.315","ap":"0","sp":"0","x":"NEW","X":"NEW","i":171049829,"l":"0","z":"0","L":"0","T":1619352805724,"t":0,"b":"199.3410","a":"0","m":false,"R":false,"wt":"CONTRACT_PRICE","ot":"LIMIT","ps":"BOTH","cp":false,"rp":"0","pP":false,"si":0,"ss":0}}
14:13:27.711   [S1] 14:13:27.711  {"e":"ORDER_TRADE_UPDATE","T":1619352807557,"E":1619352807562,"o":{"s":"ALICEUSDT","c":"x-yIXKfZTSMj8RZOINrsLaiibJaEwhG","S":"BUY","o":"LIMIT","f":"GTC","q":"21.4","p":"9.315","ap":"0","sp":"0","x":"CANCELED","X":"CANCELED","i":171049829,"l":"0","z":"0","L":"0","T":1619352807557,"t":0,"b":"0","a":"0","m":false,"R":false,"wt":"CONTRACT_PRICE","ot":"LIMIT","ps":"BOTH","cp":false,"rp":"0","pP":false,"si":0,"ss":0}}
14:13:45.386   UDP will listen port 7851
14:13:51.258   UDP will listen port 7851
14:13:52.141   [S1] 14:13:52.141  {"e":"ORDER_TRADE_UPDATE","T":1619352831988,"E":1619352831993,"o":{"s":"ALICEUSDT","c":"x-yIXKfZTSMjk8y2WWzykjhYOxfDMg9","S":"BUY","o":"LIMIT","f":"GTC","q":"21.9","p":"9.099","ap":"0","sp":"0","x":"NEW","X":"NEW","i":171052399,"l":"0","z":"0","L":"0","T":1619352831988,"t":0,"b":"199.2681","a":"0","m":false,"R":false,"wt":"CONTRACT_PRICE","ot":"LIMIT","ps":"BOTH","cp":false,"rp":"0","pP":false,"si":0,"ss":0}}
14:13:52.947  Closing...
14:13:52.949   === Stopped ===
14:13:53.053  Stopping strategies...  (stop on app close) 
14:13:53.055  Waiting MoonShot shutdown. 
14:13:54.766    -  Save settings 
14:13:55.671    -  Waiting Market Engine thread...
14:13:55.778  GetOrderWorker: Pending Tasks: 0 Results: 0   
14:13:58.569    -  Closing db...
14:13:58.570  Backuping orders db ...
14:13:59.286    -  Stop APIs thread...
14:13:59.623    -  Quit 
