         ---  Exchange: Binance Futures  ---  v6.33 (21.04.2021)  --- Reg.ID: 2206  VDS Mode: NO  FreePosMode: NO
MultiOrders: NO (cfg: NO)  XFunction: NO 
17:32:34.597   [S1] 17:32:34.597  {"e":"ORDER_TRADE_UPDATE","T":1619537554436,"E":1619537554441,"o":{"s":"MATICUSDT","c":"x-yIXKfZTSSxcbcwFh0a8l2ZkZmi2aR","S":"SELL","o":"LIMIT","f":"GTC","q":"130","p":"0.61469","ap":"0","sp":"0","x":"CANCELED","X":"CANCELED","i":9819620775,"l":"0","z":"0","L":"0","T":1619537554436,"t":0,"b":"479.00909","a":"81.47414","m":false,"R":false,"wt":"CONTRACT_PRICE","ot":"LIMIT","ps":"BOTH","cp":false,"rp":"0","pP":false,"si":0,"ss":0}}
17:32:35.109   [S1] 17:32:35.109  {"e":"ORDER_TRADE_UPDATE","T":1619537554944,"E":1619537554949,"o":{"s":"MATICUSDT","c":"x-yIXKfZTSS6lhi0aukq7TVfW4rkIa1","S":"SELL","o":"LIMIT","f":"GTC","q":"130","p":"0.61330","ap":"0","sp":"0","x":"NEW","X":"NEW","i":9819628347,"l":"0","z":"0","L":"0","T":1619537554944,"t":0,"b":"479.00909","a":"161.20314","m":false,"R":false,"wt":"CONTRACT_PRICE","ot":"LIMIT","ps":"BOTH","cp":false,"rp":"0","pP":false,"si":0,"ss":0}}
17:32:47.723   [S1] 17:32:47.723  {"e":"ORDER_TRADE_UPDATE","T":1619537567527,"E":1619537567532,"o":{"s":"MATICUSDT","c":"x-yIXKfZTSS6lhi0aukq7TVfW4rkIa1","S":"SELL","o":"LIMIT","f":"GTC","q":"130","p":"0.61330","ap":"0","sp":"0","x":"CANCELED","X":"CANCELED","i":9819628347,"l":"0","z":"0","L":"0","T":1619537567527,"t":0,"b":"479.00909","a":"81.47414","m":false,"R":false,"wt":"CONTRACT_PRICE","ot":"LIMIT","ps":"BOTH","cp":false,"rp":"0","pP":false,"si":0,"ss":0}}
17:32:48.210   [S1] 17:32:48.210  {"e":"ORDER_TRADE_UPDATE","T":1619537568049,"E":1619537568053,"o":{"s":"MATICUSDT","c":"x-yIXKfZTSS1kIYCHTWNptwj4R952bE","S":"SELL","o":"LIMIT","f":"GTC","q":"130","p":"0.61305","ap":"0","sp":"0","x":"NEW","X":"NEW","i":9819633700,"l":"0","z":"0","L":"0","T":1619537568049,"t":0,"b":"479.00909","a":"161.17064","m":false,"R":false,"wt":"CONTRACT_PRICE","ot":"LIMIT","ps":"BOTH","cp":false,"rp":"0","pP":false,"si":0,"ss":0}}
17:32:49.465   [S1] 17:32:49.465  {"e":"ORDER_TRADE_UPDATE","T":1619537569306,"E":1619537569310,"o":{"s":"MATICUSDT","c":"x-yIXKfZTSS1kIYCHTWNptwj4R952bE","S":"SELL","o":"LIMIT","f":"GTC","q":"130","p":"0.61305","ap":"0","sp":"0","x":"CANCELED","X":"CANCELED","i":9819633700,"l":"0","z":"0","L":"0","T":1619537569306,"t":0,"b":"479.00909","a":"81.47414","m":false,"R":false,"wt":"CONTRACT_PRICE","ot":"LIMIT","ps":"BOTH","cp":false,"rp":"0","pP":false,"si":0,"ss":0}}
17:32:49.998   [S1] 17:32:49.998  {"e":"ORDER_TRADE_UPDATE","T":1619537569837,"E":1619537569841,"o":{"s":"MATICUSDT","c":"x-yIXKfZTSSXh7qrFEBiE9Lls638fK5","S":"SELL","o":"LIMIT","f":"GTC","q":"130","p":"0.61347","ap":"0","sp":"0","x":"NEW","X":"NEW","i":9819634218,"l":"0","z":"0","L":"0","T":1619537569837,"t":0,"b":"479.00909","a":"161.22524","m":false,"R":false,"wt":"CONTRACT_PRICE","ot":"LIMIT","ps":"BOTH","cp":false,"rp":"0","pP":false,"si":0,"ss":0}}
17:32:57.795   [S1] 17:32:57.795  {"e":"ORDER_TRADE_UPDATE","T":1619537577634,"E":1619537577639,"o":{"s":"MATICUSDT","c":"x-yIXKfZTSSXh7qrFEBiE9Lls638fK5","S":"SELL","o":"LIMIT","f":"GTC","q":"130","p":"0.61347","ap":"0","sp":"0","x":"CANCELED","X":"CANCELED","i":9819634218,"l":"0","z":"0","L":"0","T":1619537577634,"t":0,"b":"479.00909","a":"81.47414","m":false,"R":false,"wt":"CONTRACT_PRICE","ot":"LIMIT","ps":"BOTH","cp":false,"rp":"0","pP":false,"si":0,"ss":0}}
17:32:58.361   [S1] 17:32:58.361  {"e":"ORDER_TRADE_UPDATE","T":1619537578201,"E":1619537578205,"o":{"s":"MATICUSDT","c":"x-yIXKfZTSSpLSox1I2H4q4kbHKSYia","S":"SELL","o":"LIMIT","f":"GTC","q":"130","p":"0.61332","ap":"0","sp":"0","x":"NEW","X":"NEW","i":9819636317,"l":"0","z":"0","L":"0","T":1619537578201,"t":0,"b":"479.00909","a":"161.20574","m":false,"R":false,"wt":"CONTRACT_PRICE","ot":"LIMIT","ps":"BOTH","cp":false,"rp":"0","pP":false,"si":0,"ss":0}}
17:33:00.603   [S1] 17:33:00.603  {"e":"ORDER_TRADE_UPDATE","T":1619537580443,"E":1619537580448,"o":{"s":"MATICUSDT","c":"x-yIXKfZTSSpLSox1I2H4q4kbHKSYia","S":"SELL","o":"LIMIT","f":"GTC","q":"130","p":"0.61332","ap":"0","sp":"0","x":"CANCELED","X":"CANCELED","i":9819636317,"l":"0","z":"0","L":"0","T":1619537580443,"t":0,"b":"479.00909","a":"81.47414","m":false,"R":false,"wt":"CONTRACT_PRICE","ot":"LIMIT","ps":"BOTH","cp":false,"rp":"0","pP":false,"si":0,"ss":0}}
17:33:01.235   [S1] 17:33:01.235  {"e":"ORDER_TRADE_UPDATE","T":1619537581054,"E":1619537581058,"o":{"s":"MATICUSDT","c":"x-yIXKfZTSS4auMsy6BugLhVZZOjn66","S":"SELL","o":"LIMIT","f":"GTC","q":"130","p":"0.61337","ap":"0","sp":"0","x":"NEW","X":"NEW","i":9819637293,"l":"0","z":"0","L":"0","T":1619537581054,"t":0,"b":"479.00909","a":"161.21224","m":false,"R":false,"wt":"CONTRACT_PRICE","ot":"LIMIT","ps":"BOTH","cp":false,"rp":"0","pP":false,"si":0,"ss":0}}
17:33:08.779   [S1] 17:33:08.779  {"e":"ORDER_TRADE_UPDATE","T":1619537588581,"E":1619537588585,"o":{"s":"MATICUSDT","c":"x-yIXKfZTSS4auMsy6BugLhVZZOjn66","S":"SELL","o":"LIMIT","f":"GTC","q":"130","p":"0.61337","ap":"0","sp":"0","x":"CANCELED","X":"CANCELED","i":9819637293,"l":"0","z":"0","L":"0","T":1619537588581,"t":0,"b":"479.00909","a":"81.47414","m":false,"R":false,"wt":"CONTRACT_PRICE","ot":"LIMIT","ps":"BOTH","cp":false,"rp":"0","pP":false,"si":0,"ss":0}}
17:33:09.314   [S1] 17:33:09.314  {"e":"ORDER_TRADE_UPDATE","T":1619537589151,"E":1619537589158,"o":{"s":"MATICUSDT","c":"x-yIXKfZTSSUkOmfFHyiklAttx8s2p9","S":"SELL","o":"LIMIT","f":"GTC","q":"130","p":"0.61503","ap":"0","sp":"0","x":"NEW","X":"NEW","i":9819640068,"l":"0","z":"0","L":"0","T":1619537589151,"t":0,"b":"479.00909","a":"161.42804","m":false,"R":false,"wt":"CONTRACT_PRICE","ot":"LIMIT","ps":"BOTH","cp":false,"rp":"0","pP":false,"si":0,"ss":0}}
17:33:11.333   [S1] 17:33:11.333  {"e":"ORDER_TRADE_UPDATE","T":1619537591173,"E":1619537591178,"o":{"s":"MATICUSDT","c":"x-yIXKfZTSSUkOmfFHyiklAttx8s2p9","S":"SELL","o":"LIMIT","f":"GTC","q":"130","p":"0.61503","ap":"0","sp":"0","x":"CANCELED","X":"CANCELED","i":9819640068,"l":"0","z":"0","L":"0","T":1619537591173,"t":0,"b":"479.00909","a":"81.47414","m":false,"R":false,"wt":"CONTRACT_PRICE","ot":"LIMIT","ps":"BOTH","cp":false,"rp":"0","pP":false,"si":0,"ss":0}}
17:33:11.853   [S1] 17:33:11.853  {"e":"ORDER_TRADE_UPDATE","T":1619537591690,"E":1619537591695,"o":{"s":"MATICUSDT","c":"x-yIXKfZTSSz5zST1IuEBx6TePzYBFj","S":"SELL","o":"LIMIT","f":"GTC","q":"130","p":"0.61330","ap":"0","sp":"0","x":"NEW","X":"NEW","i":9819640903,"l":"0","z":"0","L":"0","T":1619537591690,"t":0,"b":"479.00909","a":"161.20314","m":false,"R":false,"wt":"CONTRACT_PRICE","ot":"LIMIT","ps":"BOTH","cp":false,"rp":"0","pP":false,"si":0,"ss":0}}
17:33:15.577   [S1] 17:33:15.577  {"e":"ORDER_TRADE_UPDATE","T":1619537595414,"E":1619537595419,"o":{"s":"MATICUSDT","c":"x-yIXKfZTSS4cFDOmHT0C9NSiGdsAy1","S":"SELL","o":"LIMIT","f":"GTC","q":"131","p":"0.62194","ap":"0","sp":"0","x":"CANCELED","X":"CANCELED","i":9819608987,"l":"0","z":"0","L":"0","T":1619537595414,"t":0,"b":"479.00909","a":"79.72900","m":false,"R":false,"wt":"CONTRACT_PRICE","ot":"LIMIT","ps":"BOTH","cp":false,"rp":"0","pP":false,"si":0,"ss":0}}
17:33:16.094   [S1] 17:33:16.094  {"e":"ORDER_TRADE_UPDATE","T":1619537595934,"E":1619537595938,"o":{"s":"MATICUSDT","c":"x-yIXKfZTSSkeLMXDCSEdQGHnIejhpb","S":"SELL","o":"LIMIT","f":"GTC","q":"131","p":"0.61617","ap":"0","sp":"0","x":"NEW","X":"NEW","i":9819642103,"l":"0","z":"0","L":"0","T":1619537595934,"t":0,"b":"479.00909","a":"160.44727","m":false,"R":false,"wt":"CONTRACT_PRICE","ot":"LIMIT","ps":"BOTH","cp":false,"rp":"0","pP":false,"si":0,"ss":0}}
17:33:17.695   [S1] 17:33:17.695  {"e":"ORDER_TRADE_UPDATE","T":1619537597461,"E":1619537597465,"o":{"s":"MATICUSDT","c":"x-yIXKfZTSSz5zST1IuEBx6TePzYBFj","S":"SELL","o":"LIMIT","f":"GTC","q":"130","p":"0.61330","ap":"0","sp":"0","x":"CANCELED","X":"CANCELED","i":9819640903,"l":"0","z":"0","L":"0","T":1619537597461,"t":0,"b":"479.00909","a":"80.71827","m":false,"R":false,"wt":"CONTRACT_PRICE","ot":"LIMIT","ps":"BOTH","cp":false,"rp":"0","pP":false,"si":0,"ss":0}}
17:33:18.142   [S1] 17:33:18.142  {"e":"ORDER_TRADE_UPDATE","T":1619537597981,"E":1619537597985,"o":{"s":"MATICUSDT","c":"x-yIXKfZTSSRBjAqnnqzmmSVsJPQ6YM","S":"SELL","o":"LIMIT","f":"GTC","q":"130","p":"0.61124","ap":"0","sp":"0","x":"NEW","X":"NEW","i":9819642709,"l":"0","z":"0","L":"0","T":1619537597981,"t":0,"b":"479.00909","a":"160.17947","m":false,"R":false,"wt":"CONTRACT_PRICE","ot":"LIMIT","ps":"BOTH","cp":false,"rp":"0","pP":false,"si":0,"ss":0}}
17:33:21.853   [S1] 17:33:21.853  {"e":"ORDER_TRADE_UPDATE","T":1619537601692,"E":1619537601698,"o":{"s":"MATICUSDT","c":"x-yIXKfZTSSRBjAqnnqzmmSVsJPQ6YM","S":"SELL","o":"LIMIT","f":"GTC","q":"130","p":"0.61124","ap":"0","sp":"0","x":"CANCELED","X":"CANCELED","i":9819642709,"l":"0","z":"0","L":"0","T":1619537601692,"t":0,"b":"479.00909","a":"80.71827","m":false,"R":false,"wt":"CONTRACT_PRICE","ot":"LIMIT","ps":"BOTH","cp":false,"rp":"0","pP":false,"si":0,"ss":0}}
17:33:22.375   [S1] 17:33:22.375  {"e":"ORDER_TRADE_UPDATE","T":1619537602213,"E":1619537602218,"o":{"s":"MATICUSDT","c":"x-yIXKfZTSSdDNajq1l7LMOuty7UKI2","S":"SELL","o":"LIMIT","f":"GTC","q":"130","p":"0.61347","ap":"0","sp":"0","x":"NEW","X":"NEW","i":9819644407,"l":"0","z":"0","L":"0","T":1619537602213,"t":0,"b":"479.00909","a":"160.46937","m":false,"R":false,"wt":"CONTRACT_PRICE","ot":"LIMIT","ps":"BOTH","cp":false,"rp":"0","pP":false,"si":0,"ss":0}}
17:33:44.389   [S1] 17:33:44.389  {"e":"ORDER_TRADE_UPDATE","T":1619537624228,"E":1619537624234,"o":{"s":"MATICUSDT","c":"x-yIXKfZTSSdDNajq1l7LMOuty7UKI2","S":"SELL","o":"LIMIT","f":"GTC","q":"130","p":"0.61347","ap":"0","sp":"0","x":"CANCELED","X":"CANCELED","i":9819644407,"l":"0","z":"0","L":"0","T":1619537624228,"t":0,"b":"479.00909","a":"80.71827","m":false,"R":false,"wt":"CONTRACT_PRICE","ot":"LIMIT","ps":"BOTH","cp":false,"rp":"0","pP":false,"si":0,"ss":0}}
17:33:45.057   [S1] 17:33:45.057  {"e":"ORDER_TRADE_UPDATE","T":1619537624893,"E":1619537624898,"o":{"s":"MATICUSDT","c":"x-yIXKfZTSSmeH69DGw9GOnClKcHGl9","S":"SELL","o":"LIMIT","f":"GTC","q":"130","p":"0.61377","ap":"0","sp":"0","x":"NEW","X":"NEW","i":9819651150,"l":"0","z":"0","L":"0","T":1619537624893,"t":0,"b":"479.00909","a":"160.50837","m":false,"R":false,"wt":"CONTRACT_PRICE","ot":"LIMIT","ps":"BOTH","cp":false,"rp":"0","pP":false,"si":0,"ss":0}}
17:33:55.183   [S1] 17:33:55.183  {"e":"ORDER_TRADE_UPDATE","T":1619537635018,"E":1619537635022,"o":{"s":"MATICUSDT","c":"x-yIXKfZTSSmeH69DGw9GOnClKcHGl9","S":"SELL","o":"LIMIT","f":"GTC","q":"130","p":"0.61377","ap":"0","sp":"0","x":"CANCELED","X":"CANCELED","i":9819651150,"l":"0","z":"0","L":"0","T":1619537635018,"t":0,"b":"479.00909","a":"80.71827","m":false,"R":false,"wt":"CONTRACT_PRICE","ot":"LIMIT","ps":"BOTH","cp":false,"rp":"0","pP":false,"si":0,"ss":0}}
17:33:55.708   [S1] 17:33:55.708  {"e":"ORDER_TRADE_UPDATE","T":1619537635546,"E":1619537635551,"o":{"s":"MATICUSDT","c":"x-yIXKfZTSSjAKRnU28jBLOOlejnN8e","S":"SELL","o":"LIMIT","f":"GTC","q":"130","p":"0.61815","ap":"0","sp":"0","x":"NEW","X":"NEW","i":9819654357,"l":"0","z":"0","L":"0","T":1619537635546,"t":0,"b":"479.00909","a":"161.07777","m":false,"R":false,"wt":"CONTRACT_PRICE","ot":"LIMIT","ps":"BOTH","cp":false,"rp":"0","pP":false,"si":0,"ss":0}}
17:33:58.757   [S1] 17:33:58.757  {"e":"ORDER_TRADE_UPDATE","T":1619537638588,"E":1619537638593,"o":{"s":"MATICUSDT","c":"x-yIXKfZTSSkeLMXDCSEdQGHnIejhpb","S":"SELL","o":"LIMIT","f":"GTC","q":"131","p":"0.61617","ap":"0","sp":"0","x":"CANCELED","X":"CANCELED","i":9819642103,"l":"0","z":"0","L":"0","T":1619537638588,"t":0,"b":"479.00909","a":"80.35950","m":false,"R":false,"wt":"CONTRACT_PRICE","ot":"LIMIT","ps":"BOTH","cp":false,"rp":"0","pP":false,"si":0,"ss":0}}
17:33:59.294   [S1] 17:33:59.294  {"e":"ORDER_TRADE_UPDATE","T":1619537639134,"E":1619537639139,"o":{"s":"MATICUSDT","c":"x-yIXKfZTSSjG5rRQwGuMVJlpqcHoke","S":"SELL","o":"LIMIT","f":"GTC","q":"131","p":"0.61496","ap":"0","sp":"0","x":"NEW","X":"NEW","i":9819655436,"l":"0","z":"0","L":"0","T":1619537639134,"t":0,"b":"479.00909","a":"160.91926","m":false,"R":false,"wt":"CONTRACT_PRICE","ot":"LIMIT","ps":"BOTH","cp":false,"rp":"0","pP":false,"si":0,"ss":0}}
17:34:01.589   [S1] 17:34:01.589  {"e":"ORDER_TRADE_UPDATE","T":1619537641427,"E":1619537641431,"o":{"s":"MATICUSDT","c":"x-yIXKfZTSSjG5rRQwGuMVJlpqcHoke","S":"SELL","o":"LIMIT","f":"GTC","q":"131","p":"0.61496","ap":"0","sp":"0","x":"CANCELED","X":"CANCELED","i":9819655436,"l":"0","z":"0","L":"0","T":1619537641427,"t":0,"b":"479.00909","a":"80.35950","m":false,"R":false,"wt":"CONTRACT_PRICE","ot":"LIMIT","ps":"BOTH","cp":false,"rp":"0","pP":false,"si":0,"ss":0}}
17:34:02.137   [S1] 17:34:02.137  {"e":"ORDER_TRADE_UPDATE","T":1619537641965,"E":1619537641970,"o":{"s":"MATICUSDT","c":"x-yIXKfZTSSt3uPEUEN2FLCm3P6BRfU","S":"SELL","o":"LIMIT","f":"GTC","q":"131","p":"0.62066","ap":"0","sp":"0","x":"NEW","X":"NEW","i":9819656544,"l":"0","z":"0","L":"0","T":1619537641965,"t":0,"b":"479.00909","a":"161.66596","m":false,"R":false,"wt":"CONTRACT_PRICE","ot":"LIMIT","ps":"BOTH","cp":false,"rp":"0","pP":false,"si":0,"ss":0}}
17:34:13.724   [S1] 17:34:13.724  {"e":"ORDER_TRADE_UPDATE","T":1619537653565,"E":1619537653569,"o":{"s":"MATICUSDT","c":"x-yIXKfZTSSjAKRnU28jBLOOlejnN8e","S":"SELL","o":"LIMIT","f":"GTC","q":"130","p":"0.61815","ap":"0","sp":"0","x":"CANCELED","X":"CANCELED","i":9819654357,"l":"0","z":"0","L":"0","T":1619537653565,"t":0,"b":"479.00909","a":"81.30646","m":false,"R":false,"wt":"CONTRACT_PRICE","ot":"LIMIT","ps":"BOTH","cp":false,"rp":"0","pP":false,"si":0,"ss":0}}
17:34:14.711   [S1] 17:34:14.711  {"e":"ORDER_TRADE_UPDATE","T":1619537654519,"E":1619537654524,"o":{"s":"MATICUSDT","c":"x-yIXKfZTSSHj5KsIj7yvc5uQGLcXHt","S":"SELL","o":"LIMIT","f":"GTC","q":"130","p":"0.61706","ap":"0","sp":"0","x":"NEW","X":"NEW","i":9819659701,"l":"0","z":"0","L":"0","T":1619537654519,"t":0,"b":"479.00909","a":"161.52426","m":false,"R":false,"wt":"CONTRACT_PRICE","ot":"LIMIT","ps":"BOTH","cp":false,"rp":"0","pP":false,"si":0,"ss":0}}
17:34:27.178   [S1] 17:34:27.178  {"e":"ORDER_TRADE_UPDATE","T":1619537667015,"E":1619537667021,"o":{"s":"MATICUSDT","c":"x-yIXKfZTSSHj5KsIj7yvc5uQGLcXHt","S":"SELL","o":"LIMIT","f":"GTC","q":"130","p":"0.61706","ap":"0","sp":"0","x":"CANCELED","X":"CANCELED","i":9819659701,"l":"0","z":"0","L":"0","T":1619537667015,"t":0,"b":"479.00909","a":"81.30646","m":false,"R":false,"wt":"CONTRACT_PRICE","ot":"LIMIT","ps":"BOTH","cp":false,"rp":"0","pP":false,"si":0,"ss":0}}
17:34:27.701   [S1] 17:34:27.701  {"e":"ORDER_TRADE_UPDATE","T":1619537667538,"E":1619537667543,"o":{"s":"MATICUSDT","c":"x-yIXKfZTSSS7K0F61AUr9Sbj4JCDGJ","S":"SELL","o":"LIMIT","f":"GTC","q":"130","p":"0.61354","ap":"0","sp":"0","x":"NEW","X":"NEW","i":9819662973,"l":"0","z":"0","L":"0","T":1619537667538,"t":0,"b":"479.00909","a":"161.06666","m":false,"R":false,"wt":"CONTRACT_PRICE","ot":"LIMIT","ps":"BOTH","cp":false,"rp":"0","pP":false,"si":0,"ss":0}}
17:34:41.239   [S1] 17:34:41.239  {"e":"ORDER_TRADE_UPDATE","T":1619537681068,"E":1619537681074,"o":{"s":"MATICUSDT","c":"x-yIXKfZTSSS7K0F61AUr9Sbj4JCDGJ","S":"SELL","o":"LIMIT","f":"GTC","q":"130","p":"0.61354","ap":"0","sp":"0","x":"CANCELED","X":"CANCELED","i":9819662973,"l":"0","z":"0","L":"0","T":1619537681068,"t":0,"b":"479.00909","a":"81.30646","m":false,"R":false,"wt":"CONTRACT_PRICE","ot":"LIMIT","ps":"BOTH","cp":false,"rp":"0","pP":false,"si":0,"ss":0}}
17:34:41.758   [S1] 17:34:41.758  {"e":"ORDER_TRADE_UPDATE","T":1619537681588,"E":1619537681594,"o":{"s":"MATICUSDT","c":"x-yIXKfZTSSqBEBZDANlzWJdS9q8Bik","S":"SELL","o":"LIMIT","f":"GTC","q":"130","p":"0.61359","ap":"0","sp":"0","x":"NEW","X":"NEW","i":9819666487,"l":"0","z":"0","L":"0","T":1619537681588,"t":0,"b":"479.00909","a":"161.07316","m":false,"R":false,"wt":"CONTRACT_PRICE","ot":"LIMIT","ps":"BOTH","cp":false,"rp":"0","pP":false,"si":0,"ss":0}}
17:34:42.377   [S1] 17:34:42.377  {"e":"ORDER_TRADE_UPDATE","T":1619537682209,"E":1619537682215,"o":{"s":"MATICUSDT","c":"x-yIXKfZTSMtfQO3ze7lbSLS9TRyJUo","S":"BUY","o":"LIMIT","f":"GTC","q":"396","p":"0.60484","ap":"0","sp":"0","x":"CANCELED","X":"CANCELED","i":9819616515,"l":"0","z":"0","L":"0","T":1619537682209,"t":0,"b":"239.49245","a":"161.07316","m":false,"R":false,"wt":"CONTRACT_PRICE","ot":"LIMIT","ps":"BOTH","cp":false,"rp":"0","pP":false,"si":0,"ss":0}}
17:34:42.382   [S1] 17:34:42.382  {"e":"ORDER_TRADE_UPDATE","T":1619537682221,"E":1619537682224,"o":{"s":"MATICUSDT","c":"x-yIXKfZTSM2kPZiR25uDj7yA2BtsFL","S":"BUY","o":"LIMIT","f":"GTC","q":"395","p":"0.60631","ap":"0","sp":"0","x":"CANCELED","X":"CANCELED","i":9819615101,"l":"0","z":"0","L":"0","T":1619537682221,"t":0,"b":"0","a":"161.07316","m":false,"R":false,"wt":"CONTRACT_PRICE","ot":"LIMIT","ps":"BOTH","cp":false,"rp":"0","pP":false,"si":0,"ss":0}}
17:34:47.939   [S1] 17:34:47.939  {"e":"ORDER_TRADE_UPDATE","T":1619537687772,"E":1619537687776,"o":{"s":"MATICUSDT","c":"x-yIXKfZTSSqBEBZDANlzWJdS9q8Bik","S":"SELL","o":"LIMIT","f":"GTC","q":"130","p":"0.61359","ap":"0","sp":"0","x":"CANCELED","X":"CANCELED","i":9819666487,"l":"0","z":"0","L":"0","T":1619537687772,"t":0,"b":"0","a":"81.30646","m":false,"R":false,"wt":"CONTRACT_PRICE","ot":"LIMIT","ps":"BOTH","cp":false,"rp":"0","pP":false,"si":0,"ss":0}}
17:34:48.468   [S1] 17:34:48.468  {"e":"ORDER_TRADE_UPDATE","T":1619537688306,"E":1619537688312,"o":{"s":"MATICUSDT","c":"x-yIXKfZTSSpdw6v7sYUayL0FvVv8Ns","S":"SELL","o":"LIMIT","f":"GTC","q":"130","p":"0.61334","ap":"0","sp":"0","x":"NEW","X":"NEW","i":9819668588,"l":"0","z":"0","L":"0","T":1619537688306,"t":0,"b":"0","a":"161.04066","m":false,"R":false,"wt":"CONTRACT_PRICE","ot":"LIMIT","ps":"BOTH","cp":false,"rp":"0","pP":false,"si":0,"ss":0}}
17:34:51.982   [S1] 17:34:51.982  {"e":"ORDER_TRADE_UPDATE","T":1619537691822,"E":1619537691827,"o":{"s":"MATICUSDT","c":"x-yIXKfZTSSt3uPEUEN2FLCm3P6BRfU","S":"SELL","o":"LIMIT","f":"GTC","q":"131","p":"0.62066","ap":"0","sp":"0","x":"CANCELED","X":"CANCELED","i":9819656544,"l":"0","z":"0","L":"0","T":1619537691822,"t":0,"b":"0","a":"79.73419","m":false,"R":false,"wt":"CONTRACT_PRICE","ot":"LIMIT","ps":"BOTH","cp":false,"rp":"0","pP":false,"si":0,"ss":0}}
17:34:52.514   [S1] 17:34:52.514  {"e":"ORDER_TRADE_UPDATE","T":1619537692353,"E":1619537692358,"o":{"s":"MATICUSDT","c":"x-yIXKfZTSS7EWKGqzByHUeAfFrnYbO","S":"SELL","o":"LIMIT","f":"GTC","q":"131","p":"0.62044","ap":"0","sp":"0","x":"NEW","X":"NEW","i":9819670034,"l":"0","z":"0","L":"0","T":1619537692353,"t":0,"b":"0","a":"161.01184","m":false,"R":false,"wt":"CONTRACT_PRICE","ot":"LIMIT","ps":"BOTH","cp":false,"rp":"0","pP":false,"si":0,"ss":0}}
17:34:58.682   [S1] 17:34:58.682  {"e":"ORDER_TRADE_UPDATE","T":1619537698519,"E":1619537698525,"o":{"s":"MATICUSDT","c":"x-yIXKfZTSSpdw6v7sYUayL0FvVv8Ns","S":"SELL","o":"LIMIT","f":"GTC","q":"130","p":"0.61334","ap":"0","sp":"0","x":"CANCELED","X":"CANCELED","i":9819668588,"l":"0","z":"0","L":"0","T":1619537698519,"t":0,"b":"0","a":"81.27764","m":false,"R":false,"wt":"CONTRACT_PRICE","ot":"LIMIT","ps":"BOTH","cp":false,"rp":"0","pP":false,"si":0,"ss":0}}
17:34:59.202   [S1] 17:34:59.202  {"e":"ORDER_TRADE_UPDATE","T":1619537699041,"E":1619537699046,"o":{"s":"MATICUSDT","c":"x-yIXKfZTSSw0eKpPaHuZTKaJbsgmzn","S":"SELL","o":"LIMIT","f":"GTC","q":"130","p":"0.61336","ap":"0","sp":"0","x":"NEW","X":"NEW","i":9819671619,"l":"0","z":"0","L":"0","T":1619537699041,"t":0,"b":"0","a":"161.01444","m":false,"R":false,"wt":"CONTRACT_PRICE","ot":"LIMIT","ps":"BOTH","cp":false,"rp":"0","pP":false,"si":0,"ss":0}}
17:35:17.898   [S1] 17:35:17.898  {"e":"ORDER_TRADE_UPDATE","T":1619537717667,"E":1619537717670,"o":{"s":"MATICUSDT","c":"x-yIXKfZTSSw0eKpPaHuZTKaJbsgmzn","S":"SELL","o":"LIMIT","f":"GTC","q":"130","p":"0.61336","ap":"0","sp":"0","x":"CANCELED","X":"CANCELED","i":9819671619,"l":"0","z":"0","L":"0","T":1619537717667,"t":0,"b":"0","a":"81.27764","m":false,"R":false,"wt":"CONTRACT_PRICE","ot":"LIMIT","ps":"BOTH","cp":false,"rp":"0","pP":false,"si":0,"ss":0}}
17:35:18.392   [S1] 17:35:18.392  {"e":"ORDER_TRADE_UPDATE","T":1619537718231,"E":1619537718235,"o":{"s":"MATICUSDT","c":"x-yIXKfZTSSTHFHczH6j4tCmKqqITAC","S":"SELL","o":"LIMIT","f":"GTC","q":"130","p":"0.61002","ap":"0","sp":"0","x":"NEW","X":"NEW","i":9819677502,"l":"0","z":"0","L":"0","T":1619537718231,"t":0,"b":"0","a":"81.27764","m":false,"R":false,"wt":"CONTRACT_PRICE","ot":"LIMIT","ps":"BOTH","cp":false,"rp":"0","pP":false,"si":0,"ss":0}}
17:35:18.392   [S1] 17:35:18.392  {"e":"ORDER_TRADE_UPDATE","T":1619537718231,"E":1619537718235,"o":{"s":"MATICUSDT","c":"x-yIXKfZTSSTHFHczH6j4tCmKqqITAC","S":"SELL","o":"LIMIT","f":"GTC","q":"130","p":"0.61002","ap":"0.61005","sp":"0","x":"TRADE","X":"FILLED","i":9819677502,"l":"130","z":"130","L":"0.61005","n":"0.03172259","N":"USDT","T":1619537718231,"t":35598602,"b":"0","a":"81.27764","m":false,"R":false,"wt":"CONTRACT_PRICE","ot":"LIMIT","ps":"BOTH","cp":false,"rp":"-0.38870000","pP":false,"si":0,"ss":0}}
17:35:23.776   [S1] 17:35:23.776  {"e":"ORDER_TRADE_UPDATE","T":1619537723553,"E":1619537723559,"o":{"s":"MATICUSDT","c":"x-yIXKfZTSS7EWKGqzByHUeAfFrnYbO","S":"SELL","o":"LIMIT","f":"GTC","q":"131","p":"0.62044","ap":"0","sp":"0","x":"CANCELED","X":"CANCELED","i":9819670034,"l":"0","z":"0","L":"0","T":1619537723553,"t":0,"b":"0","a":"0","m":false,"R":false,"wt":"CONTRACT_PRICE","ot":"LIMIT","ps":"BOTH","cp":false,"rp":"0","pP":false,"si":0,"ss":0}}
17:35:24.245   [S1] 17:35:24.245  {"e":"ORDER_TRADE_UPDATE","T":1619537724081,"E":1619537724084,"o":{"s":"MATICUSDT","c":"x-yIXKfZTSS4ImTNO4VXchlZx5vshGL","S":"SELL","o":"LIMIT","f":"GTC","q":"131","p":"0.61804","ap":"0","sp":"0","x":"NEW","X":"NEW","i":9819678947,"l":"0","z":"0","L":"0","T":1619537724081,"t":0,"b":"0","a":"80.96323","m":false,"R":false,"wt":"CONTRACT_PRICE","ot":"LIMIT","ps":"BOTH","cp":false,"rp":"0","pP":false,"si":0,"ss":0}}
17:35:38.592   [S1] 17:35:38.592  {"e":"ORDER_TRADE_UPDATE","T":1619537738432,"E":1619537738434,"o":{"s":"MATICUSDT","c":"x-yIXKfZTSS4ImTNO4VXchlZx5vshGL","S":"SELL","o":"LIMIT","f":"GTC","q":"131","p":"0.61804","ap":"0","sp":"0","x":"CANCELED","X":"CANCELED","i":9819678947,"l":"0","z":"0","L":"0","T":1619537738432,"t":0,"b":"0","a":"0","m":false,"R":false,"wt":"CONTRACT_PRICE","ot":"LIMIT","ps":"BOTH","cp":false,"rp":"0","pP":false,"si":0,"ss":0}}
17:35:39.178   [S1] 17:35:39.178  {"e":"ORDER_TRADE_UPDATE","T":1619537739013,"E":1619537739020,"o":{"s":"MATICUSDT","c":"x-yIXKfZTSSGUHlXU9juRU8d7N7a4jf","S":"SELL","o":"LIMIT","f":"GTC","q":"131","p":"0.62327","ap":"0","sp":"0","x":"NEW","X":"NEW","i":9819682258,"l":"0","z":"0","L":"0","T":1619537739013,"t":0,"b":"0","a":"81.64837","m":false,"R":false,"wt":"CONTRACT_PRICE","ot":"LIMIT","ps":"BOTH","cp":false,"rp":"0","pP":false,"si":0,"ss":0}}
17:35:44.865   [S1] 17:35:44.865  {"e":"ORDER_TRADE_UPDATE","T":1619537744627,"E":1619537744633,"o":{"s":"MATICUSDT","c":"x-yIXKfZTSSGUHlXU9juRU8d7N7a4jf","S":"SELL","o":"LIMIT","f":"GTC","q":"131","p":"0.62327","ap":"0","sp":"0","x":"CANCELED","X":"CANCELED","i":9819682258,"l":"0","z":"0","L":"0","T":1619537744627,"t":0,"b":"0","a":"0","m":false,"R":false,"wt":"CONTRACT_PRICE","ot":"LIMIT","ps":"BOTH","cp":false,"rp":"0","pP":false,"si":0,"ss":0}}
17:35:45.336   [S1] 17:35:45.336  {"e":"ORDER_TRADE_UPDATE","T":1619537745173,"E":1619537745179,"o":{"s":"MATICUSDT","c":"x-yIXKfZTSSq3leDYD8LF3SoKrdK1iY","S":"SELL","o":"LIMIT","f":"GTC","q":"131","p":"0.61946","ap":"0","sp":"0","x":"NEW","X":"NEW","i":9819683360,"l":"0","z":"0","L":"0","T":1619537745173,"t":0,"b":"0","a":"81.14925","m":false,"R":false,"wt":"CONTRACT_PRICE","ot":"LIMIT","ps":"BOTH","cp":false,"rp":"0","pP":false,"si":0,"ss":0}}
