         ---  Exchange: Binance Futures  ---  v6.32 (12.04.2021)  --- Reg.ID: 2206  VDS Mode: NO  FreePosMode: NO
MultiOrders: NO (cfg: NO)  XFunction: NO 
14:02:51.673   [S1] 14:02:51.673  {"e":"ORDER_TRADE_UPDATE","T":1619352171519,"E":1619352171524,"o":{"s":"DENTUSDT","c":"x-yIXKfZTSMzBltm75jBKAQe9kayCiw","S":"BUY","o":"LIMIT","f":"GTC","q":"6051","p":"0.008252","ap":"0","sp":"0","x":"NEW","X":"NEW","i":322434232,"l":"0","z":"0","L":"0","T":1619352171519,"t":0,"b":"49.932852","a":"0","m":false,"R":false,"wt":"CONTRACT_PRICE","ot":"LIMIT","ps":"BOTH","cp":false,"rp":"0","pP":false,"si":0,"ss":0}}
14:02:52.360   [S1] 14:02:52.360  {"e":"ORDER_TRADE_UPDATE","T":1619352172196,"E":1619352172199,"o":{"s":"DENTUSDT","c":"x-yIXKfZTSMzBltm75jBKAQe9kayCiw","S":"BUY","o":"LIMIT","f":"GTC","q":"6051","p":"0.008252","ap":"0.008252","sp":"0","x":"TRADE","X":"FILLED","i":322434232,"l":"6051","z":"6051","L":"0.008252","n":"0.00998657","N":"USDT","T":1619352172196,"t":20624935,"b":"0","a":"0","m":true,"R":false,"wt":"CONTRACT_PRICE","ot":"LIMIT","ps":"BOTH","cp":false,"rp":"0","pP":false,"si":0,"ss":0}}
14:02:52.877   [S1] 14:02:52.877  {"e":"ORDER_TRADE_UPDATE","T":1619352172726,"E":1619352172730,"o":{"s":"DENTUSDT","c":"x-yIXKfZTSSP7YBf33yDJaxbAn9GzIG","S":"SELL","o":"LIMIT","f":"GTC","q":"6051","p":"0.008563","ap":"0","sp":"0","x":"NEW","X":"NEW","i":322434447,"l":"0","z":"0","L":"0","T":1619352172726,"t":0,"b":"0","a":"51.814713","m":false,"R":false,"wt":"CONTRACT_PRICE","ot":"LIMIT","ps":"BOTH","cp":false,"rp":"0","pP":false,"si":0,"ss":0}}
14:03:02.050   [S1] 14:03:02.050  {"e":"ORDER_TRADE_UPDATE","T":1619352181899,"E":1619352181903,"o":{"s":"DENTUSDT","c":"x-yIXKfZTSSP7YBf33yDJaxbAn9GzIG","S":"SELL","o":"LIMIT","f":"GTC","q":"6051","p":"0.008563","ap":"0","sp":"0","x":"CANCELED","X":"CANCELED","i":322434447,"l":"0","z":"0","L":"0","T":1619352181899,"t":0,"b":"0","a":"0","m":false,"R":false,"wt":"CONTRACT_PRICE","ot":"LIMIT","ps":"BOTH","cp":false,"rp":"0","pP":false,"si":0,"ss":0}}
14:03:02.683   [S1] 14:03:02.683  {"e":"ORDER_TRADE_UPDATE","T":1619352182530,"E":1619352182535,"o":{"s":"DENTUSDT","c":"x-yIXKfZTSSXD88ctYJoSuxZ1bVUizf","S":"SELL","o":"LIMIT","f":"GTC","q":"6051","p":"0.008334","ap":"0","sp":"0","x":"NEW","X":"NEW","i":322436068,"l":"0","z":"0","L":"0","T":1619352182530,"t":0,"b":"0","a":"50.429033","m":false,"R":false,"wt":"CONTRACT_PRICE","ot":"LIMIT","ps":"BOTH","cp":false,"rp":"0","pP":false,"si":0,"ss":0}}
14:03:26.851   [S1] 14:03:26.851  {"e":"ORDER_TRADE_UPDATE","T":1619352206700,"E":1619352206704,"o":{"s":"DENTUSDT","c":"x-yIXKfZTSSXD88ctYJoSuxZ1bVUizf","S":"SELL","o":"LIMIT","f":"GTC","q":"6051","p":"0.008334","ap":"0","sp":"0","x":"CANCELED","X":"CANCELED","i":322436068,"l":"0","z":"0","L":"0","T":1619352206700,"t":0,"b":"0","a":"0","m":false,"R":false,"wt":"CONTRACT_PRICE","ot":"LIMIT","ps":"BOTH","cp":false,"rp":"0","pP":false,"si":0,"ss":0}}
14:03:27.394   [S1] 14:03:27.394  {"e":"ORDER_TRADE_UPDATE","T":1619352207239,"E":1619352207245,"o":{"s":"DENTUSDT","c":"x-yIXKfZTSSIQXn3Hu3SiER4pRw6nYI","S":"SELL","o":"LIMIT","f":"GTC","q":"6051","p":"0.008245","ap":"0","sp":"0","x":"NEW","X":"NEW","i":322440125,"l":"0","z":"0","L":"0","T":1619352207239,"t":0,"b":"0","a":"49.890494","m":false,"R":false,"wt":"CONTRACT_PRICE","ot":"LIMIT","ps":"BOTH","cp":false,"rp":"0","pP":false,"si":0,"ss":0}}
14:03:36.452   [S1] 14:03:36.452  {"e":"ORDER_TRADE_UPDATE","T":1619352216299,"E":1619352216304,"o":{"s":"DENTUSDT","c":"x-yIXKfZTSSIQXn3Hu3SiER4pRw6nYI","S":"SELL","o":"LIMIT","f":"GTC","q":"6051","p":"0.008245","ap":"0","sp":"0","x":"CANCELED","X":"CANCELED","i":322440125,"l":"0","z":"0","L":"0","T":1619352216299,"t":0,"b":"0","a":"0","m":false,"R":false,"wt":"CONTRACT_PRICE","ot":"LIMIT","ps":"BOTH","cp":false,"rp":"0","pP":false,"si":0,"ss":0}}
14:03:36.980   [S1] 14:03:36.980  {"e":"ORDER_TRADE_UPDATE","T":1619352216825,"E":1619352216830,"o":{"s":"DENTUSDT","c":"x-yIXKfZTSSAJAT551KoFlutJ1osJmS","S":"SELL","o":"LIMIT","f":"GTC","q":"6051","p":"0.008231","ap":"0","sp":"0","x":"NEW","X":"NEW","i":322442640,"l":"0","z":"0","L":"0","T":1619352216825,"t":0,"b":"0","a":"49.805781","m":false,"R":false,"wt":"CONTRACT_PRICE","ot":"LIMIT","ps":"BOTH","cp":false,"rp":"0","pP":false,"si":0,"ss":0}}
14:03:37.764   [S1] 14:03:37.764  {"e":"ORDER_TRADE_UPDATE","T":1619352217597,"E":1619352217601,"o":{"s":"DENTUSDT","c":"x-yIXKfZTSSAJAT551KoFlutJ1osJmS","S":"SELL","o":"LIMIT","f":"GTC","q":"6051","p":"0.008231","ap":"0","sp":"0","x":"CANCELED","X":"CANCELED","i":322442640,"l":"0","z":"0","L":"0","T":1619352217597,"t":0,"b":"0","a":"0","m":false,"R":false,"wt":"CONTRACT_PRICE","ot":"LIMIT","ps":"BOTH","cp":false,"rp":"0","pP":false,"si":0,"ss":0}}
14:03:38.278   [S1] 14:03:38.278  {"e":"ORDER_TRADE_UPDATE","T":1619352218128,"E":1619352218131,"o":{"s":"DENTUSDT","c":"x-yIXKfZTSSHq0GHKJn5FhHNCPwkDHa","S":"SELL","o":"LIMIT","f":"GTC","q":"6051","p":"0.008200","ap":"0","sp":"0","x":"NEW","X":"NEW","i":322443034,"l":"0","z":"0","L":"0","T":1619352218128,"t":0,"b":"0","a":"0","m":false,"R":false,"wt":"CONTRACT_PRICE","ot":"LIMIT","ps":"BOTH","cp":false,"rp":"0","pP":false,"si":0,"ss":0}}
14:03:38.278   [S1] 14:03:38.278  {"e":"ORDER_TRADE_UPDATE","T":1619352218128,"E":1619352218131,"o":{"s":"DENTUSDT","c":"x-yIXKfZTSSHq0GHKJn5FhHNCPwkDHa","S":"SELL","o":"LIMIT","f":"GTC","q":"6051","p":"0.008200","ap":"0.008208","sp":"0","x":"TRADE","X":"FILLED","i":322443034,"l":"6051","z":"6051","L":"0.008208","n":"0.01986664","N":"USDT","T":1619352218128,"t":20625780,"b":"0","a":"0","m":false,"R":false,"wt":"CONTRACT_PRICE","ot":"LIMIT","ps":"BOTH","cp":false,"rp":"-0.26624400","pP":false,"si":0,"ss":0}}
14:03:50.571   [S1] 14:03:50.571  {"e":"ORDER_TRADE_UPDATE","T":1619352230419,"E":1619352230423,"o":{"s":"DENTUSDT","c":"x-yIXKfZTSMD36jCPjudlFVA36kZvzM","S":"BUY","o":"LIMIT","f":"GTC","q":"6076","p":"0.008217","ap":"0","sp":"0","x":"NEW","X":"NEW","i":322446744,"l":"0","z":"0","L":"0","T":1619352230419,"t":0,"b":"0","a":"0","m":false,"R":false,"wt":"CONTRACT_PRICE","ot":"LIMIT","ps":"BOTH","cp":false,"rp":"0","pP":false,"si":0,"ss":0}}
14:03:50.571   [S1] 14:03:50.571  {"e":"ORDER_TRADE_UPDATE","T":1619352230419,"E":1619352230423,"o":{"s":"DENTUSDT","c":"x-yIXKfZTSMD36jCPjudlFVA36kZvzM","S":"BUY","o":"LIMIT","f":"GTC","q":"6076","p":"0.008217","ap":"0.008214","sp":"0","x":"TRADE","X":"FILLED","i":322446744,"l":"6076","z":"6076","L":"0.008214","n":"0.01996330","N":"USDT","T":1619352230419,"t":20626182,"b":"0","a":"0","m":false,"R":false,"wt":"CONTRACT_PRICE","ot":"LIMIT","ps":"BOTH","cp":false,"rp":"0","pP":false,"si":0,"ss":0}}
14:03:51.120   [S1] 14:03:51.120  {"e":"ORDER_TRADE_UPDATE","T":1619352230927,"E":1619352230934,"o":{"s":"DENTUSDT","c":"x-yIXKfZTSS0b3SBP1Ht6hEjTF3a1JQ","S":"SELL","o":"LIMIT","f":"GTC","q":"6076","p":"0.008546","ap":"0","sp":"0","x":"NEW","X":"NEW","i":322446903,"l":"0","z":"0","L":"0","T":1619352230927,"t":0,"b":"0","a":"51.925495","m":false,"R":false,"wt":"CONTRACT_PRICE","ot":"LIMIT","ps":"BOTH","cp":false,"rp":"0","pP":false,"si":0,"ss":0}}
14:03:54.259   [S1] 14:03:54.259  {"e":"ORDER_TRADE_UPDATE","T":1619352234104,"E":1619352234111,"o":{"s":"DENTUSDT","c":"x-yIXKfZTSS0b3SBP1Ht6hEjTF3a1JQ","S":"SELL","o":"LIMIT","f":"GTC","q":"6076","p":"0.008546","ap":"0","sp":"0","x":"CANCELED","X":"CANCELED","i":322446903,"l":"0","z":"0","L":"0","T":1619352234104,"t":0,"b":"0","a":"0","m":false,"R":false,"wt":"CONTRACT_PRICE","ot":"LIMIT","ps":"BOTH","cp":false,"rp":"0","pP":false,"si":0,"ss":0}}
14:03:54.783   [S1] 14:03:54.783  {"e":"ORDER_TRADE_UPDATE","T":1619352234628,"E":1619352234634,"o":{"s":"DENTUSDT","c":"x-yIXKfZTSS4MjikCuYBkwlg1mYkgzO","S":"SELL","o":"LIMIT","f":"GTC","q":"6076","p":"0.008318","ap":"0","sp":"0","x":"NEW","X":"NEW","i":322447718,"l":"0","z":"0","L":"0","T":1619352234628,"t":0,"b":"0","a":"50.540167","m":false,"R":false,"wt":"CONTRACT_PRICE","ot":"LIMIT","ps":"BOTH","cp":false,"rp":"0","pP":false,"si":0,"ss":0}}
14:04:29.403   [S1] 14:04:29.403  {"e":"ORDER_TRADE_UPDATE","T":1619352269250,"E":1619352269255,"o":{"s":"DENTUSDT","c":"x-yIXKfZTSS4MjikCuYBkwlg1mYkgzO","S":"SELL","o":"LIMIT","f":"GTC","q":"6076","p":"0.008318","ap":"0","sp":"0","x":"CANCELED","X":"CANCELED","i":322447718,"l":"0","z":"0","L":"0","T":1619352269250,"t":0,"b":"0","a":"0","m":false,"R":false,"wt":"CONTRACT_PRICE","ot":"LIMIT","ps":"BOTH","cp":false,"rp":"0","pP":false,"si":0,"ss":0}}
14:04:29.932   [S1] 14:04:29.932  {"e":"ORDER_TRADE_UPDATE","T":1619352269780,"E":1619352269784,"o":{"s":"DENTUSDT","c":"x-yIXKfZTSSdEMut5tzQTD0zoW23HNm","S":"SELL","o":"LIMIT","f":"GTC","q":"6076","p":"0.008286","ap":"0","sp":"0","x":"NEW","X":"NEW","i":322456169,"l":"0","z":"0","L":"0","T":1619352269780,"t":0,"b":"0","a":"50.345736","m":false,"R":false,"wt":"CONTRACT_PRICE","ot":"LIMIT","ps":"BOTH","cp":false,"rp":"0","pP":false,"si":0,"ss":0}}
14:04:36.453   [S1] 14:04:36.453  {"e":"ORDER_TRADE_UPDATE","T":1619352276299,"E":1619352276305,"o":{"s":"DENTUSDT","c":"x-yIXKfZTSSdEMut5tzQTD0zoW23HNm","S":"SELL","o":"LIMIT","f":"GTC","q":"6076","p":"0.008286","ap":"0","sp":"0","x":"CANCELED","X":"CANCELED","i":322456169,"l":"0","z":"0","L":"0","T":1619352276299,"t":0,"b":"0","a":"0","m":false,"R":false,"wt":"CONTRACT_PRICE","ot":"LIMIT","ps":"BOTH","cp":false,"rp":"0","pP":false,"si":0,"ss":0}}
14:04:37.024   [S1] 14:04:37.024  {"e":"ORDER_TRADE_UPDATE","T":1619352276871,"E":1619352276876,"o":{"s":"DENTUSDT","c":"x-yIXKfZTSS6WL545SA9jWev1x5NzCm","S":"SELL","o":"LIMIT","f":"GTC","q":"6076","p":"0.008302","ap":"0","sp":"0","x":"NEW","X":"NEW","i":322457344,"l":"0","z":"0","L":"0","T":1619352276871,"t":0,"b":"0","a":"50.442952","m":false,"R":false,"wt":"CONTRACT_PRICE","ot":"LIMIT","ps":"BOTH","cp":false,"rp":"0","pP":false,"si":0,"ss":0}}
14:05:27.458   [S1] 14:05:27.458  {"e":"ORDER_TRADE_UPDATE","T":1619352327303,"E":1619352327309,"o":{"s":"DENTUSDT","c":"x-yIXKfZTSS6WL545SA9jWev1x5NzCm","S":"SELL","o":"LIMIT","f":"GTC","q":"6076","p":"0.008302","ap":"0","sp":"0","x":"CANCELED","X":"CANCELED","i":322457344,"l":"0","z":"0","L":"0","T":1619352327303,"t":0,"b":"0","a":"0","m":false,"R":false,"wt":"CONTRACT_PRICE","ot":"LIMIT","ps":"BOTH","cp":false,"rp":"0","pP":false,"si":0,"ss":0}}
14:05:27.986   [S1] 14:05:27.986  {"e":"ORDER_TRADE_UPDATE","T":1619352327827,"E":1619352327832,"o":{"s":"DENTUSDT","c":"x-yIXKfZTSSFk1Hm2dvZ2aoSDhYWqJp","S":"SELL","o":"LIMIT","f":"GTC","q":"6076","p":"0.008322","ap":"0","sp":"0","x":"NEW","X":"NEW","i":322467386,"l":"0","z":"0","L":"0","T":1619352327827,"t":0,"b":"0","a":"50.564471","m":false,"R":false,"wt":"CONTRACT_PRICE","ot":"LIMIT","ps":"BOTH","cp":false,"rp":"0","pP":false,"si":0,"ss":0}}
14:05:36.865   [S1] 14:05:36.865  {"e":"ORDER_TRADE_UPDATE","T":1619352336711,"E":1619352336716,"o":{"s":"DENTUSDT","c":"x-yIXKfZTSSFk1Hm2dvZ2aoSDhYWqJp","S":"SELL","o":"LIMIT","f":"GTC","q":"6076","p":"0.008322","ap":"0","sp":"0","x":"CANCELED","X":"CANCELED","i":322467386,"l":"0","z":"0","L":"0","T":1619352336711,"t":0,"b":"0","a":"0","m":false,"R":false,"wt":"CONTRACT_PRICE","ot":"LIMIT","ps":"BOTH","cp":false,"rp":"0","pP":false,"si":0,"ss":0}}
14:05:37.386   [S1] 14:05:37.386  {"e":"ORDER_TRADE_UPDATE","T":1619352337234,"E":1619352337238,"o":{"s":"DENTUSDT","c":"x-yIXKfZTSSToDchdPsQr7cmRHWssDC","S":"SELL","o":"LIMIT","f":"GTC","q":"6076","p":"0.008277","ap":"0","sp":"0","x":"NEW","X":"NEW","i":322470495,"l":"0","z":"0","L":"0","T":1619352337234,"t":0,"b":"0","a":"0","m":false,"R":false,"wt":"CONTRACT_PRICE","ot":"LIMIT","ps":"BOTH","cp":false,"rp":"0","pP":false,"si":0,"ss":0}}
14:05:37.387   [S1] 14:05:37.387  {"e":"ORDER_TRADE_UPDATE","T":1619352337234,"E":1619352337238,"o":{"s":"DENTUSDT","c":"x-yIXKfZTSSToDchdPsQr7cmRHWssDC","S":"SELL","o":"LIMIT","f":"GTC","q":"6076","p":"0.008277","ap":"0.008289","sp":"0","x":"TRADE","X":"FILLED","i":322470495,"l":"6076","z":"6076","L":"0.008289","n":"0.02014558","N":"USDT","T":1619352337234,"t":20628336,"b":"0","a":"0","m":false,"R":false,"wt":"CONTRACT_PRICE","ot":"LIMIT","ps":"BOTH","cp":false,"rp":"0.45570000","pP":false,"si":0,"ss":0}}
