         ---  Exchange: Binance Futures  ---  v6.33 (21.04.2021)  --- Reg.ID: 2206  VDS Mode: NO  FreePosMode: NO
MultiOrders: NO (cfg: NO)  XFunction: NO 
17:34:28.421   [S1] 17:34:28.421  {"e":"ORDER_TRADE_UPDATE","T":1619537668249,"E":1619537668254,"o":{"s":"ALICEUSDT","c":"x-yIXKfZTSM2JzVEPBvMrcFA0YBSkSy","S":"BUY","o":"LIMIT","f":"GTC","q":"1","p":"10.390","ap":"0","sp":"0","x":"NEW","X":"NEW","i":183293334,"l":"0","z":"0","L":"0","T":1619537668249,"t":0,"b":"10.3900","a":"0","m":false,"R":false,"wt":"CONTRACT_PRICE","ot":"LIMIT","ps":"BOTH","cp":false,"rp":"0","pP":false,"si":0,"ss":0}}
17:34:29.957   [S1] 17:34:29.957  {"e":"ORDER_TRADE_UPDATE","T":1619537669796,"E":1619537669801,"o":{"s":"ALICEUSDT","c":"x-yIXKfZTSM2JzVEPBvMrcFA0YBSkSy","S":"BUY","o":"LIMIT","f":"GTC","q":"1","p":"10.390","ap":"0","sp":"0","x":"CANCELED","X":"CANCELED","i":183293334,"l":"0","z":"0","L":"0","T":1619537669796,"t":0,"b":"0","a":"0","m":false,"R":false,"wt":"CONTRACT_PRICE","ot":"LIMIT","ps":"BOTH","cp":false,"rp":"0","pP":false,"si":0,"ss":0}}
17:34:30.503   [S1] 17:34:30.503  {"e":"ORDER_TRADE_UPDATE","T":1619537670342,"E":1619537670347,"o":{"s":"ALICEUSDT","c":"x-yIXKfZTSMb6ra6E2Vy7V9RZsBGmdH","S":"BUY","o":"LIMIT","f":"GTC","q":"1","p":"10.392","ap":"0","sp":"0","x":"NEW","X":"NEW","i":183293401,"l":"0","z":"0","L":"0","T":1619537670342,"t":0,"b":"10.3920","a":"0","m":false,"R":false,"wt":"CONTRACT_PRICE","ot":"LIMIT","ps":"BOTH","cp":false,"rp":"0","pP":false,"si":0,"ss":0}}
17:34:31.886   [S1] 17:34:31.886  {"e":"ORDER_TRADE_UPDATE","T":1619537671725,"E":1619537671728,"o":{"s":"ALICEUSDT","c":"x-yIXKfZTSMb6ra6E2Vy7V9RZsBGmdH","S":"BUY","o":"LIMIT","f":"GTC","q":"1","p":"10.392","ap":"0","sp":"0","x":"CANCELED","X":"CANCELED","i":183293401,"l":"0","z":"0","L":"0","T":1619537671725,"t":0,"b":"0","a":"0","m":false,"R":false,"wt":"CONTRACT_PRICE","ot":"LIMIT","ps":"BOTH","cp":false,"rp":"0","pP":false,"si":0,"ss":0}}
17:34:32.458   [S1] 17:34:32.458  {"e":"ORDER_TRADE_UPDATE","T":1619537672287,"E":1619537672293,"o":{"s":"ALICEUSDT","c":"x-yIXKfZTSMSOzhV1IyN2YwN6O0Pc3Q","S":"BUY","o":"LIMIT","f":"GTC","q":"1","p":"10.394","ap":"0","sp":"0","x":"NEW","X":"NEW","i":183293741,"l":"0","z":"0","L":"0","T":1619537672287,"t":0,"b":"0","a":"0","m":false,"R":false,"wt":"CONTRACT_PRICE","ot":"LIMIT","ps":"BOTH","cp":false,"rp":"0","pP":false,"si":0,"ss":0}}
17:34:32.458   [S1] 17:34:32.458  {"e":"ORDER_TRADE_UPDATE","T":1619537672287,"E":1619537672293,"o":{"s":"ALICEUSDT","c":"x-yIXKfZTSMSOzhV1IyN2YwN6O0Pc3Q","S":"BUY","o":"LIMIT","f":"GTC","q":"1","p":"10.394","ap":"10.3720","sp":"0","x":"TRADE","X":"FILLED","i":183293741,"l":"1","z":"1","L":"10.372","n":"0.00414880","N":"USDT","T":1619537672287,"t":10280326,"b":"0","a":"0","m":false,"R":false,"wt":"CONTRACT_PRICE","ot":"LIMIT","ps":"BOTH","cp":false,"rp":"0","pP":false,"si":0,"ss":0}}
17:34:33.028   [S1] 17:34:33.028  {"e":"ORDER_TRADE_UPDATE","T":1619537672867,"E":1619537672873,"o":{"s":"ALICEUSDT","c":"x-yIXKfZTSS9RKx5R7kcjCA7DFlcO0i","S":"SELL","o":"LIMIT","f":"GTC","q":"1","p":"10.726","ap":"0","sp":"0","x":"NEW","X":"NEW","i":183293937,"l":"0","z":"0","L":"0","T":1619537672867,"t":0,"b":"0","a":"10.7260","m":false,"R":false,"wt":"CONTRACT_PRICE","ot":"LIMIT","ps":"BOTH","cp":false,"rp":"0","pP":false,"si":0,"ss":0}}
17:34:43.586   [S1] 17:34:43.586  {"e":"ORDER_TRADE_UPDATE","T":1619537683424,"E":1619537683430,"o":{"s":"ALICEUSDT","c":"x-yIXKfZTSS9RKx5R7kcjCA7DFlcO0i","S":"SELL","o":"LIMIT","f":"GTC","q":"1","p":"10.726","ap":"0","sp":"0","x":"CANCELED","X":"CANCELED","i":183293937,"l":"0","z":"0","L":"0","T":1619537683424,"t":0,"b":"0","a":"0","m":false,"R":false,"wt":"CONTRACT_PRICE","ot":"LIMIT","ps":"BOTH","cp":false,"rp":"0","pP":false,"si":0,"ss":0}}
17:34:44.137   [S1] 17:34:44.137  {"e":"ORDER_TRADE_UPDATE","T":1619537683976,"E":1619537683982,"o":{"s":"ALICEUSDT","c":"x-yIXKfZTSS1o4peCkhiU4nG9I8ueOg","S":"SELL","o":"LIMIT","f":"GTC","q":"1","p":"10.397","ap":"0","sp":"0","x":"NEW","X":"NEW","i":183295436,"l":"0","z":"0","L":"0","T":1619537683976,"t":0,"b":"0","a":"10.3970","m":false,"R":false,"wt":"CONTRACT_PRICE","ot":"LIMIT","ps":"BOTH","cp":false,"rp":"0","pP":false,"si":0,"ss":0}}
17:34:44.465   [S1] 17:34:44.465  {"e":"ORDER_TRADE_UPDATE","T":1619537684302,"E":1619537684306,"o":{"s":"ALICEUSDT","c":"x-yIXKfZTSS1o4peCkhiU4nG9I8ueOg","S":"SELL","o":"LIMIT","f":"GTC","q":"1","p":"10.397","ap":"10.3970","sp":"0","x":"TRADE","X":"FILLED","i":183295436,"l":"1","z":"1","L":"10.397","n":"0.00207940","N":"USDT","T":1619537684302,"t":10280437,"b":"0","a":"0","m":true,"R":false,"wt":"CONTRACT_PRICE","ot":"LIMIT","ps":"BOTH","cp":false,"rp":"0.02500000","pP":false,"si":0,"ss":0}}
17:35:00.126   [S1] 17:35:00.126  {"e":"ORDER_TRADE_UPDATE","T":1619537699964,"E":1619537699969,"o":{"s":"ALICEUSDT","c":"x-yIXKfZTSMiZuE0H6Dbb4ZVNSWMeEK","S":"BUY","o":"LIMIT","f":"GTC","q":"1","p":"10.398","ap":"0","sp":"0","x":"NEW","X":"NEW","i":183297811,"l":"0","z":"0","L":"0","T":1619537699964,"t":0,"b":"10.3980","a":"0","m":false,"R":false,"wt":"CONTRACT_PRICE","ot":"LIMIT","ps":"BOTH","cp":false,"rp":"0","pP":false,"si":0,"ss":0}}
17:35:01.730   [S1] 17:35:01.730  {"e":"ORDER_TRADE_UPDATE","T":1619537701566,"E":1619537701570,"o":{"s":"ALICEUSDT","c":"x-yIXKfZTSMiZuE0H6Dbb4ZVNSWMeEK","S":"BUY","o":"LIMIT","f":"GTC","q":"1","p":"10.398","ap":"0","sp":"0","x":"CANCELED","X":"CANCELED","i":183297811,"l":"0","z":"0","L":"0","T":1619537701566,"t":0,"b":"0","a":"0","m":false,"R":false,"wt":"CONTRACT_PRICE","ot":"LIMIT","ps":"BOTH","cp":false,"rp":"0","pP":false,"si":0,"ss":0}}
17:35:02.302   [S1] 17:35:02.302  {"e":"ORDER_TRADE_UPDATE","T":1619537702140,"E":1619537702145,"o":{"s":"ALICEUSDT","c":"x-yIXKfZTSMrpxVYhxHUGg96zDbEFHG","S":"BUY","o":"LIMIT","f":"GTC","q":"1","p":"10.409","ap":"0","sp":"0","x":"NEW","X":"NEW","i":183298398,"l":"0","z":"0","L":"0","T":1619537702140,"t":0,"b":"0","a":"0","m":false,"R":false,"wt":"CONTRACT_PRICE","ot":"LIMIT","ps":"BOTH","cp":false,"rp":"0","pP":false,"si":0,"ss":0}}
17:35:02.303   [S1] 17:35:02.303  {"e":"ORDER_TRADE_UPDATE","T":1619537702140,"E":1619537702145,"o":{"s":"ALICEUSDT","c":"x-yIXKfZTSMrpxVYhxHUGg96zDbEFHG","S":"BUY","o":"LIMIT","f":"GTC","q":"1","p":"10.409","ap":"10.4070","sp":"0","x":"TRADE","X":"FILLED","i":183298398,"l":"1","z":"1","L":"10.407","n":"0.00416280","N":"USDT","T":1619537702140,"t":10280653,"b":"0","a":"0","m":false,"R":false,"wt":"CONTRACT_PRICE","ot":"LIMIT","ps":"BOTH","cp":false,"rp":"0","pP":false,"si":0,"ss":0}}
17:35:02.895   [S1] 17:35:02.895  {"e":"ORDER_TRADE_UPDATE","T":1619537702729,"E":1619537702732,"o":{"s":"ALICEUSDT","c":"x-yIXKfZTSSlevJENgqOgaHTZjNW63y","S":"SELL","o":"LIMIT","f":"GTC","q":"1","p":"10.751","ap":"0","sp":"0","x":"NEW","X":"NEW","i":183298466,"l":"0","z":"0","L":"0","T":1619537702729,"t":0,"b":"0","a":"10.7510","m":false,"R":false,"wt":"CONTRACT_PRICE","ot":"LIMIT","ps":"BOTH","cp":false,"rp":"0","pP":false,"si":0,"ss":0}}
17:35:13.411   [S1] 17:35:13.411  {"e":"ORDER_TRADE_UPDATE","T":1619537713252,"E":1619537713255,"o":{"s":"ALICEUSDT","c":"x-yIXKfZTSSlevJENgqOgaHTZjNW63y","S":"SELL","o":"LIMIT","f":"GTC","q":"1","p":"10.751","ap":"0","sp":"0","x":"CANCELED","X":"CANCELED","i":183298466,"l":"0","z":"0","L":"0","T":1619537713252,"t":0,"b":"0","a":"0","m":false,"R":false,"wt":"CONTRACT_PRICE","ot":"LIMIT","ps":"BOTH","cp":false,"rp":"0","pP":false,"si":0,"ss":0}}
17:35:13.957   [S1] 17:35:13.957  {"e":"ORDER_TRADE_UPDATE","T":1619537713789,"E":1619537713796,"o":{"s":"ALICEUSDT","c":"x-yIXKfZTSS5P9ceL9Tz4nFc2T8NNSX","S":"SELL","o":"LIMIT","f":"GTC","q":"1","p":"10.499","ap":"0","sp":"0","x":"NEW","X":"NEW","i":183299931,"l":"0","z":"0","L":"0","T":1619537713789,"t":0,"b":"0","a":"10.4990","m":false,"R":false,"wt":"CONTRACT_PRICE","ot":"LIMIT","ps":"BOTH","cp":false,"rp":"0","pP":false,"si":0,"ss":0}}
17:35:43.824   [S1] 17:35:43.824  {"e":"ORDER_TRADE_UPDATE","T":1619537743661,"E":1619537743666,"o":{"s":"ALICEUSDT","c":"x-yIXKfZTSS5P9ceL9Tz4nFc2T8NNSX","S":"SELL","o":"LIMIT","f":"GTC","q":"1","p":"10.499","ap":"0","sp":"0","x":"CANCELED","X":"CANCELED","i":183299931,"l":"0","z":"0","L":"0","T":1619537743661,"t":0,"b":"0","a":"0","m":false,"R":false,"wt":"CONTRACT_PRICE","ot":"LIMIT","ps":"BOTH","cp":false,"rp":"0","pP":false,"si":0,"ss":0}}
17:35:44.449   [S1] 17:35:44.449  {"e":"ORDER_TRADE_UPDATE","T":1619537744283,"E":1619537744287,"o":{"s":"ALICEUSDT","c":"x-yIXKfZTSSdypKWLJw0ylxtggs75oQ","S":"SELL","o":"LIMIT","f":"GTC","q":"1","p":"10.427","ap":"0","sp":"0","x":"NEW","X":"NEW","i":183302739,"l":"0","z":"0","L":"0","T":1619537744283,"t":0,"b":"0","a":"10.4270","m":false,"R":false,"wt":"CONTRACT_PRICE","ot":"LIMIT","ps":"BOTH","cp":false,"rp":"0","pP":false,"si":0,"ss":0}}
17:35:44.493   [S1] 17:35:44.493  {"e":"ORDER_TRADE_UPDATE","T":1619537744332,"E":1619537744334,"o":{"s":"ALICEUSDT","c":"x-yIXKfZTSSdypKWLJw0ylxtggs75oQ","S":"SELL","o":"LIMIT","f":"GTC","q":"1","p":"10.427","ap":"10.4270","sp":"0","x":"TRADE","X":"FILLED","i":183302739,"l":"1","z":"1","L":"10.427","n":"0.00208539","N":"USDT","T":1619537744332,"t":10280902,"b":"0","a":"0","m":true,"R":false,"wt":"CONTRACT_PRICE","ot":"LIMIT","ps":"BOTH","cp":false,"rp":"0.02000000","pP":false,"si":0,"ss":0}}
