         ---  Exchange: Binance Futures  ---  v6.33 (21.04.2021)  --- Reg.ID: 2206  VDS Mode: NO  FreePosMode: NO
MultiOrders: NO (cfg: NO)  XFunction: NO 
19:00:19.482   [S1] 19:00:19.482  {"e":"ORDER_TRADE_UPDATE","T":1622134819410,"E":1622134819415,"o":{"s":"LUNAUSDT","c":"x-yIXKfZTSS3bzFf4lkoDxAZWAGqMv5","S":"SELL","o":"LIMIT","f":"GTC","q":"3","p":"6.7550","ap":"0","sp":"0","x":"CANCELED","X":"CANCELED","i":828329994,"l":"0","z":"0","L":"0","T":1622134819410,"t":0,"b":"0","a":"0","m":false,"R":true,"wt":"CONTRACT_PRICE","ot":"LIMIT","ps":"LONG","cp":false,"rp":"0","pP":false,"si":0,"ss":0}}
19:00:19.805   [S1] 19:00:19.805  {"e":"ORDER_TRADE_UPDATE","T":1622134819720,"E":1622134819726,"o":{"s":"LUNAUSDT","c":"x-yIXKfZTSSMpcXYboBcFi80tH1Hfq9","S":"SELL","o":"LIMIT","f":"GTC","q":"3","p":"6.7660","ap":"0","sp":"0","x":"NEW","X":"NEW","i":828359383,"l":"0","z":"0","L":"0","T":1622134819720,"t":0,"b":"0","a":"20.2980","m":false,"R":true,"wt":"CONTRACT_PRICE","ot":"LIMIT","ps":"LONG","cp":false,"rp":"0","pP":false,"si":0,"ss":0}}
19:00:20.629   [S1] 19:00:20.629  {"e":"ORDER_TRADE_UPDATE","T":1622134820555,"E":1622134820560,"o":{"s":"LUNAUSDT","c":"x-yIXKfZTSSMpcXYboBcFi80tH1Hfq9","S":"SELL","o":"LIMIT","f":"GTC","q":"3","p":"6.7660","ap":"0","sp":"0","x":"CANCELED","X":"CANCELED","i":828359383,"l":"0","z":"0","L":"0","T":1622134820555,"t":0,"b":"0","a":"0","m":false,"R":true,"wt":"CONTRACT_PRICE","ot":"LIMIT","ps":"LONG","cp":false,"rp":"0","pP":false,"si":0,"ss":0}}
19:00:20.937   [S1] 19:00:20.937  {"e":"ORDER_TRADE_UPDATE","T":1622134820866,"E":1622134820871,"o":{"s":"LUNAUSDT","c":"x-yIXKfZTSSOKdT7len1MXrmSGucxz0","S":"SELL","o":"LIMIT","f":"GTC","q":"3","p":"6.7620","ap":"0","sp":"0","x":"NEW","X":"NEW","i":828359453,"l":"0","z":"0","L":"0","T":1622134820866,"t":0,"b":"0","a":"20.2860","m":false,"R":true,"wt":"CONTRACT_PRICE","ot":"LIMIT","ps":"LONG","cp":false,"rp":"0","pP":false,"si":0,"ss":0}}
19:00:23.917   [S1] 19:00:23.917  {"e":"ORDER_TRADE_UPDATE","T":1622134823847,"E":1622134823851,"o":{"s":"LUNAUSDT","c":"x-yIXKfZTSSOKdT7len1MXrmSGucxz0","S":"SELL","o":"LIMIT","f":"GTC","q":"3","p":"6.7620","ap":"0","sp":"0","x":"CANCELED","X":"CANCELED","i":828359453,"l":"0","z":"0","L":"0","T":1622134823847,"t":0,"b":"0","a":"0","m":false,"R":true,"wt":"CONTRACT_PRICE","ot":"LIMIT","ps":"LONG","cp":false,"rp":"0","pP":false,"si":0,"ss":0}}
19:00:24.208   [S1] 19:00:24.208  {"e":"ORDER_TRADE_UPDATE","T":1622134824134,"E":1622134824138,"o":{"s":"LUNAUSDT","c":"x-yIXKfZTSSd4tekjjJXbUufzzd2l0y","S":"SELL","o":"LIMIT","f":"GTC","q":"3","p":"6.7430","ap":"0","sp":"0","x":"NEW","X":"NEW","i":828359604,"l":"0","z":"0","L":"0","T":1622134824134,"t":0,"b":"0","a":"20.2290","m":false,"R":true,"wt":"CONTRACT_PRICE","ot":"LIMIT","ps":"LONG","cp":false,"rp":"0","pP":false,"si":0,"ss":0}}
19:00:24.969   [S1] 19:00:24.969  {"e":"ORDER_TRADE_UPDATE","T":1622134824898,"E":1622134824903,"o":{"s":"LUNAUSDT","c":"x-yIXKfZTSSd4tekjjJXbUufzzd2l0y","S":"SELL","o":"LIMIT","f":"GTC","q":"3","p":"6.7430","ap":"0","sp":"0","x":"CANCELED","X":"CANCELED","i":828359604,"l":"0","z":"0","L":"0","T":1622134824898,"t":0,"b":"0","a":"0","m":false,"R":true,"wt":"CONTRACT_PRICE","ot":"LIMIT","ps":"LONG","cp":false,"rp":"0","pP":false,"si":0,"ss":0}}
19:00:25.291   [S1] 19:00:25.291  {"e":"ORDER_TRADE_UPDATE","T":1622134825209,"E":1622134825211,"o":{"s":"LUNAUSDT","c":"x-yIXKfZTSSPzzHrFoUZYkGGDCbaSiR","S":"SELL","o":"LIMIT","f":"GTC","q":"3","p":"6.7570","ap":"0","sp":"0","x":"NEW","X":"NEW","i":828359715,"l":"0","z":"0","L":"0","T":1622134825209,"t":0,"b":"0","a":"20.2710","m":false,"R":true,"wt":"CONTRACT_PRICE","ot":"LIMIT","ps":"LONG","cp":false,"rp":"0","pP":false,"si":0,"ss":0}}
19:00:27.079   [S1] 19:00:27.079  {"e":"ORDER_TRADE_UPDATE","T":1622134827003,"E":1622134827009,"o":{"s":"LUNAUSDT","c":"x-yIXKfZTSSPzzHrFoUZYkGGDCbaSiR","S":"SELL","o":"LIMIT","f":"GTC","q":"3","p":"6.7570","ap":"0","sp":"0","x":"CANCELED","X":"CANCELED","i":828359715,"l":"0","z":"0","L":"0","T":1622134827003,"t":0,"b":"0","a":"0","m":false,"R":true,"wt":"CONTRACT_PRICE","ot":"LIMIT","ps":"LONG","cp":false,"rp":"0","pP":false,"si":0,"ss":0}}
19:00:27.373   [S1] 19:00:27.373  {"e":"ORDER_TRADE_UPDATE","T":1622134827302,"E":1622134827305,"o":{"s":"LUNAUSDT","c":"x-yIXKfZTSSmnXXzvY2nYGREHVWkyvj","S":"SELL","o":"LIMIT","f":"GTC","q":"3","p":"6.7610","ap":"0","sp":"0","x":"NEW","X":"NEW","i":828359967,"l":"0","z":"0","L":"0","T":1622134827302,"t":0,"b":"0","a":"20.2830","m":false,"R":true,"wt":"CONTRACT_PRICE","ot":"LIMIT","ps":"LONG","cp":false,"rp":"0","pP":false,"si":0,"ss":0}}
19:00:28.491   [S1] 19:00:28.491  {"e":"ORDER_TRADE_UPDATE","T":1622134828417,"E":1622134828423,"o":{"s":"LUNAUSDT","c":"x-yIXKfZTSSmnXXzvY2nYGREHVWkyvj","S":"SELL","o":"LIMIT","f":"GTC","q":"3","p":"6.7610","ap":"0","sp":"0","x":"CANCELED","X":"CANCELED","i":828359967,"l":"0","z":"0","L":"0","T":1622134828417,"t":0,"b":"0","a":"0","m":false,"R":true,"wt":"CONTRACT_PRICE","ot":"LIMIT","ps":"LONG","cp":false,"rp":"0","pP":false,"si":0,"ss":0}}
19:00:29.748   [S1] 19:00:29.748  {"e":"ORDER_TRADE_UPDATE","T":1622134829676,"E":1622134829680,"o":{"s":"LUNAUSDT","c":"x-yIXKfZTSSflKSTNEs0G6q7PXmJ3qh","S":"SELL","o":"LIMIT","f":"GTC","q":"3","p":"6.7690","ap":"0","sp":"0","x":"NEW","X":"NEW","i":828360119,"l":"0","z":"0","L":"0","T":1622134829676,"t":0,"b":"0","a":"20.3070","m":false,"R":true,"wt":"CONTRACT_PRICE","ot":"LIMIT","ps":"LONG","cp":false,"rp":"0","pP":false,"si":0,"ss":0}}
19:00:32.455   [S1] 19:00:32.455  {"e":"ORDER_TRADE_UPDATE","T":1622134832385,"E":1622134832389,"o":{"s":"LUNAUSDT","c":"x-yIXKfZTSSflKSTNEs0G6q7PXmJ3qh","S":"SELL","o":"LIMIT","f":"GTC","q":"3","p":"6.7690","ap":"0","sp":"0","x":"CANCELED","X":"CANCELED","i":828360119,"l":"0","z":"0","L":"0","T":1622134832385,"t":0,"b":"0","a":"0","m":false,"R":true,"wt":"CONTRACT_PRICE","ot":"LIMIT","ps":"LONG","cp":false,"rp":"0","pP":false,"si":0,"ss":0}}
19:00:32.756   [S1] 19:00:32.756  {"e":"ORDER_TRADE_UPDATE","T":1622134832679,"E":1622134832684,"o":{"s":"LUNAUSDT","c":"x-yIXKfZTSSrTjKFAyubs8fghPundOc","S":"SELL","o":"LIMIT","f":"GTC","q":"3","p":"6.7610","ap":"0","sp":"0","x":"NEW","X":"NEW","i":828360446,"l":"0","z":"0","L":"0","T":1622134832679,"t":0,"b":"0","a":"20.2830","m":false,"R":true,"wt":"CONTRACT_PRICE","ot":"LIMIT","ps":"LONG","cp":false,"rp":"0","pP":false,"si":0,"ss":0}}
19:00:33.690   [S1] 19:00:33.690  {"e":"ORDER_TRADE_UPDATE","T":1622134833620,"E":1622134833624,"o":{"s":"LUNAUSDT","c":"x-yIXKfZTSSrTjKFAyubs8fghPundOc","S":"SELL","o":"LIMIT","f":"GTC","q":"3","p":"6.7610","ap":"0","sp":"0","x":"CANCELED","X":"CANCELED","i":828360446,"l":"0","z":"0","L":"0","T":1622134833620,"t":0,"b":"0","a":"0","m":false,"R":true,"wt":"CONTRACT_PRICE","ot":"LIMIT","ps":"LONG","cp":false,"rp":"0","pP":false,"si":0,"ss":0}}
19:00:34.019   [S1] 19:00:34.019  {"e":"ORDER_TRADE_UPDATE","T":1622134833945,"E":1622134833947,"o":{"s":"LUNAUSDT","c":"x-yIXKfZTSSo5uMqyZV6sIHnLt7bbMn","S":"SELL","o":"LIMIT","f":"GTC","q":"3","p":"6.7620","ap":"0","sp":"0","x":"NEW","X":"NEW","i":828360556,"l":"0","z":"0","L":"0","T":1622134833945,"t":0,"b":"0","a":"20.2860","m":false,"R":true,"wt":"CONTRACT_PRICE","ot":"LIMIT","ps":"LONG","cp":false,"rp":"0","pP":false,"si":0,"ss":0}}
19:01:14.890   [S1] 19:01:14.890  {"e":"ORDER_TRADE_UPDATE","T":1622134874813,"E":1622134874818,"o":{"s":"LUNAUSDT","c":"x-yIXKfZTSSEEZ1zXj2ZmpXN7saC47b","S":"SELL","o":"LIMIT","f":"GTC","q":"3","p":"6.7780","ap":"0","sp":"0","x":"CANCELED","X":"CANCELED","i":828364527,"l":"0","z":"0","L":"0","T":1622134874813,"t":0,"b":"0","a":"0","m":false,"R":true,"wt":"CONTRACT_PRICE","ot":"LIMIT","ps":"LONG","cp":false,"rp":"0","pP":false,"si":0,"ss":0}}
19:01:15.205   [S1] 19:01:15.205  {"e":"ORDER_TRADE_UPDATE","T":1622134875132,"E":1622134875137,"o":{"s":"LUNAUSDT","c":"x-yIXKfZTSSOtW2TamKUyY2zqaQHB9G","S":"SELL","o":"LIMIT","f":"GTC","q":"3","p":"6.7900","ap":"0","sp":"0","x":"NEW","X":"NEW","i":828367180,"l":"0","z":"0","L":"0","T":1622134875132,"t":0,"b":"0","a":"20.3700","m":false,"R":true,"wt":"CONTRACT_PRICE","ot":"LIMIT","ps":"LONG","cp":false,"rp":"0","pP":false,"si":0,"ss":0}}
19:01:39.878   [S1] 19:01:39.878  {"e":"ORDER_TRADE_UPDATE","T":1622134899792,"E":1622134899798,"o":{"s":"LUNAUSDT","c":"x-yIXKfZTSSOtW2TamKUyY2zqaQHB9G","S":"SELL","o":"LIMIT","f":"GTC","q":"3","p":"6.7900","ap":"0","sp":"0","x":"CANCELED","X":"CANCELED","i":828367180,"l":"0","z":"0","L":"0","T":1622134899792,"t":0,"b":"0","a":"0","m":false,"R":true,"wt":"CONTRACT_PRICE","ot":"LIMIT","ps":"LONG","cp":false,"rp":"0","pP":false,"si":0,"ss":0}}
19:01:40.191   [S1] 19:01:40.191  {"e":"ORDER_TRADE_UPDATE","T":1622134900118,"E":1622134900122,"o":{"s":"LUNAUSDT","c":"x-yIXKfZTSSysP8vLJ1YECXL6tvFwfj","S":"SELL","o":"LIMIT","f":"GTC","q":"3","p":"6.8000","ap":"0","sp":"0","x":"NEW","X":"NEW","i":828370671,"l":"0","z":"0","L":"0","T":1622134900118,"t":0,"b":"0","a":"20.4000","m":false,"R":true,"wt":"CONTRACT_PRICE","ot":"LIMIT","ps":"LONG","cp":false,"rp":"0","pP":false,"si":0,"ss":0}}
19:01:51.482   [S1] 19:01:51.482  {"e":"ORDER_TRADE_UPDATE","T":1622134911410,"E":1622134911415,"o":{"s":"LUNAUSDT","c":"x-yIXKfZTSSysP8vLJ1YECXL6tvFwfj","S":"SELL","o":"LIMIT","f":"GTC","q":"3","p":"6.8000","ap":"0","sp":"0","x":"CANCELED","X":"CANCELED","i":828370671,"l":"0","z":"0","L":"0","T":1622134911410,"t":0,"b":"0","a":"0","m":false,"R":true,"wt":"CONTRACT_PRICE","ot":"LIMIT","ps":"LONG","cp":false,"rp":"0","pP":false,"si":0,"ss":0}}
19:01:51.776   [S1] 19:01:51.776  {"e":"ORDER_TRADE_UPDATE","T":1622134911703,"E":1622134911709,"o":{"s":"LUNAUSDT","c":"x-yIXKfZTSSPnFEaQaFMMaaVtzf6RVv","S":"SELL","o":"LIMIT","f":"GTC","q":"3","p":"6.7520","ap":"0","sp":"0","x":"NEW","X":"NEW","i":828372218,"l":"0","z":"0","L":"0","T":1622134911703,"t":0,"b":"0","a":"0","m":false,"R":true,"wt":"CONTRACT_PRICE","ot":"LIMIT","ps":"LONG","cp":false,"rp":"0","pP":false,"si":0,"ss":0}}
19:01:51.776   [S1] 19:01:51.776  {"e":"ORDER_TRADE_UPDATE","T":1622134911703,"E":1622134911709,"o":{"s":"LUNAUSDT","c":"x-yIXKfZTSSPnFEaQaFMMaaVtzf6RVv","S":"SELL","o":"LIMIT","f":"GTC","q":"3","p":"6.7520","ap":"6.7650","sp":"0","x":"TRADE","X":"FILLED","i":828372218,"l":"3","z":"3","L":"6.7650","n":"0.00811800","N":"USDT","T":1622134911703,"t":35852373,"b":"0","a":"0","m":false,"R":true,"wt":"CONTRACT_PRICE","ot":"LIMIT","ps":"LONG","cp":false,"rp":"0.15300000","pP":false,"si":0,"ss":0}}
