         ---  Exchange: Binance Futures  ---  v6.33 (21.04.2021)  --- Reg.ID: 2206  VDS Mode: NO  FreePosMode: NO
MultiOrders: NO (cfg: NO)  XFunction: NO 
18:59:57.673   [S1] 18:59:57.673  {"e":"ORDER_TRADE_UPDATE","T":1622134797600,"E":1622134797605,"o":{"s":"BELUSDT","c":"x-yIXKfZTSMbRAFbD1o9rABp0XmUT7E","S":"BUY","o":"LIMIT","f":"GTC","q":"3","p":"2.31210","ap":"0","sp":"0","x":"NEW","X":"NEW","i":953240135,"l":"0","z":"0","L":"0","T":1622134797600,"t":0,"b":"6.93630","a":"0","m":false,"R":false,"wt":"CONTRACT_PRICE","ot":"LIMIT","ps":"LONG","cp":false,"rp":"0","pP":false,"si":0,"ss":0}}
18:59:57.679   [S1] 18:59:57.679  {"e":"ORDER_TRADE_UPDATE","T":1622134797602,"E":1622134797608,"o":{"s":"BELUSDT","c":"x-yIXKfZTSMsEgvdLw3HovC8NIR2GJn","S":"BUY","o":"LIMIT","f":"GTC","q":"3","p":"2.30750","ap":"0","sp":"0","x":"NEW","X":"NEW","i":953240136,"l":"0","z":"0","L":"0","T":1622134797602,"t":0,"b":"13.85880","a":"0","m":false,"R":false,"wt":"CONTRACT_PRICE","ot":"LIMIT","ps":"LONG","cp":false,"rp":"0","pP":false,"si":0,"ss":0}}
18:59:57.689   [S1] 18:59:57.689  {"e":"ORDER_TRADE_UPDATE","T":1622134797616,"E":1622134797621,"o":{"s":"BELUSDT","c":"x-yIXKfZTSMk2VCCF84xZ7TwcUisAwX","S":"BUY","o":"LIMIT","f":"GTC","q":"3","p":"2.30980","ap":"0","sp":"0","x":"NEW","X":"NEW","i":953240143,"l":"0","z":"0","L":"0","T":1622134797616,"t":0,"b":"20.78820","a":"0","m":false,"R":false,"wt":"CONTRACT_PRICE","ot":"LIMIT","ps":"LONG","cp":false,"rp":"0","pP":false,"si":0,"ss":0}}
18:59:57.691   [S1] 18:59:57.691  {"e":"ORDER_TRADE_UPDATE","T":1622134797619,"E":1622134797624,"o":{"s":"BELUSDT","c":"x-yIXKfZTSMtDCFq7TEuAY8NkpvUuob","S":"BUY","o":"LIMIT","f":"GTC","q":"3","p":"2.31440","ap":"0","sp":"0","x":"NEW","X":"NEW","i":953240145,"l":"0","z":"0","L":"0","T":1622134797619,"t":0,"b":"20.78820","a":"0","m":false,"R":false,"wt":"CONTRACT_PRICE","ot":"LIMIT","ps":"LONG","cp":false,"rp":"0","pP":false,"si":0,"ss":0}}
18:59:57.692   [S1] 18:59:57.692  {"e":"ORDER_TRADE_UPDATE","T":1622134797619,"E":1622134797624,"o":{"s":"BELUSDT","c":"x-yIXKfZTSMtDCFq7TEuAY8NkpvUuob","S":"BUY","o":"LIMIT","f":"GTC","q":"3","p":"2.31440","ap":"2.31350","sp":"0","x":"TRADE","X":"FILLED","i":953240145,"l":"3","z":"3","L":"2.31350","n":"0.00277620","N":"USDT","T":1622134797619,"t":22789702,"b":"20.78820","a":"0","m":false,"R":false,"wt":"CONTRACT_PRICE","ot":"LIMIT","ps":"LONG","cp":false,"rp":"0","pP":false,"si":0,"ss":0}}
18:59:58.166   [S1] 18:59:58.166  {"e":"ORDER_TRADE_UPDATE","T":1622134798093,"E":1622134798096,"o":{"s":"BELUSDT","c":"x-yIXKfZTSMIZqcq0lwPXU5irt3V0W8","S":"BUY","o":"LIMIT","f":"GTC","q":"3","p":"2.31030","ap":"0","sp":"0","x":"NEW","X":"NEW","i":953240215,"l":"0","z":"0","L":"0","T":1622134798093,"t":0,"b":"27.71910","a":"0","m":false,"R":false,"wt":"CONTRACT_PRICE","ot":"LIMIT","ps":"LONG","cp":false,"rp":"0","pP":false,"si":0,"ss":0}}
18:59:58.173   [S1] 18:59:58.173  {"e":"ORDER_TRADE_UPDATE","T":1622134798102,"E":1622134798107,"o":{"s":"BELUSDT","c":"x-yIXKfZTSMEl8o0IGXSeXdhtCntmyK","S":"BUY","o":"LIMIT","f":"GTC","q":"3","p":"2.31720","ap":"0","sp":"0","x":"NEW","X":"NEW","i":953240216,"l":"0","z":"0","L":"0","T":1622134798102,"t":0,"b":"27.71910","a":"0","m":false,"R":false,"wt":"CONTRACT_PRICE","ot":"LIMIT","ps":"LONG","cp":false,"rp":"0","pP":false,"si":0,"ss":0}}
18:59:58.174   [S1] 18:59:58.174  {"e":"ORDER_TRADE_UPDATE","T":1622134798102,"E":1622134798107,"o":{"s":"BELUSDT","c":"x-yIXKfZTSMEl8o0IGXSeXdhtCntmyK","S":"BUY","o":"LIMIT","f":"GTC","q":"3","p":"2.31720","ap":"2.31420","sp":"0","x":"TRADE","X":"FILLED","i":953240216,"l":"3","z":"3","L":"2.31420","n":"0.00277704","N":"USDT","T":1622134798102,"t":22789708,"b":"27.71910","a":"0","m":false,"R":false,"wt":"CONTRACT_PRICE","ot":"LIMIT","ps":"LONG","cp":false,"rp":"0","pP":false,"si":0,"ss":0}}
18:59:58.184   [S1] 18:59:58.184  {"e":"ORDER_TRADE_UPDATE","T":1622134798109,"E":1622134798114,"o":{"s":"BELUSDT","c":"x-yIXKfZTSMaq1Vsq8b6e9bo8057FMD","S":"BUY","o":"LIMIT","f":"GTC","q":"3","p":"2.31260","ap":"0","sp":"0","x":"NEW","X":"NEW","i":953240219,"l":"0","z":"0","L":"0","T":1622134798109,"t":0,"b":"34.65690","a":"0","m":false,"R":false,"wt":"CONTRACT_PRICE","ot":"LIMIT","ps":"LONG","cp":false,"rp":"0","pP":false,"si":0,"ss":0}}
18:59:58.184   [S1] 18:59:58.184  {"e":"ORDER_TRADE_UPDATE","T":1622134798112,"E":1622134798117,"o":{"s":"BELUSDT","c":"x-yIXKfZTSM2jJZ1zQA54AsCnqhuqYP","S":"BUY","o":"LIMIT","f":"GTC","q":"3","p":"2.31490","ap":"0","sp":"0","x":"NEW","X":"NEW","i":953240220,"l":"0","z":"0","L":"0","T":1622134798112,"t":0,"b":"34.65690","a":"0","m":false,"R":false,"wt":"CONTRACT_PRICE","ot":"LIMIT","ps":"LONG","cp":false,"rp":"0","pP":false,"si":0,"ss":0}}
18:59:58.184   [S1] 18:59:58.184  {"e":"ORDER_TRADE_UPDATE","T":1622134798112,"E":1622134798117,"o":{"s":"BELUSDT","c":"x-yIXKfZTSM2jJZ1zQA54AsCnqhuqYP","S":"BUY","o":"LIMIT","f":"GTC","q":"3","p":"2.31490","ap":"2.31420","sp":"0","x":"TRADE","X":"FILLED","i":953240220,"l":"3","z":"3","L":"2.31420","n":"0.00277704","N":"USDT","T":1622134798112,"t":22789709,"b":"34.65690","a":"0","m":false,"R":false,"wt":"CONTRACT_PRICE","ot":"LIMIT","ps":"LONG","cp":false,"rp":"0","pP":false,"si":0,"ss":0}}
18:59:58.741   [S1] 18:59:58.741  {"e":"ORDER_TRADE_UPDATE","T":1622134798668,"E":1622134798673,"o":{"s":"BELUSDT","c":"x-yIXKfZTSStPARknCJObGpkL6lq1e1","S":"SELL","o":"LIMIT","f":"GTC","q":"3","p":"2.38760","ap":"0","sp":"0","x":"NEW","X":"NEW","i":953240402,"l":"0","z":"0","L":"0","T":1622134798668,"t":0,"b":"34.65690","a":"7.16280","m":false,"R":true,"wt":"CONTRACT_PRICE","ot":"LIMIT","ps":"LONG","cp":false,"rp":"0","pP":false,"si":0,"ss":0}}
18:59:58.770   [S1] 18:59:58.770  {"e":"ORDER_TRADE_UPDATE","T":1622134798686,"E":1622134798689,"o":{"s":"BELUSDT","c":"x-yIXKfZTSSbi83y28uYZJrRRM4JhUa","S":"SELL","o":"LIMIT","f":"GTC","q":"3","p":"2.38760","ap":"0","sp":"0","x":"NEW","X":"NEW","i":953240417,"l":"0","z":"0","L":"0","T":1622134798686,"t":0,"b":"34.65690","a":"14.32560","m":false,"R":true,"wt":"CONTRACT_PRICE","ot":"LIMIT","ps":"LONG","cp":false,"rp":"0","pP":false,"si":0,"ss":0}}
18:59:59.130   [S1] 18:59:59.130  {"e":"ORDER_TRADE_UPDATE","T":1622134799054,"E":1622134799059,"o":{"s":"BELUSDT","c":"x-yIXKfZTSSHatVMqRf4LSE2OuHAiJA","S":"SELL","o":"LIMIT","f":"GTC","q":"3","p":"2.38750","ap":"0","sp":"0","x":"NEW","X":"NEW","i":953240457,"l":"0","z":"0","L":"0","T":1622134799054,"t":0,"b":"34.65690","a":"21.48810","m":false,"R":true,"wt":"CONTRACT_PRICE","ot":"LIMIT","ps":"LONG","cp":false,"rp":"0","pP":false,"si":0,"ss":0}}
18:59:59.303   [S1] 18:59:59.303  {"e":"ORDER_TRADE_UPDATE","T":1622134799232,"E":1622134799235,"o":{"s":"BELUSDT","c":"x-yIXKfZTSMJRLkdj2dk62zdVAqkXwr","S":"BUY","o":"LIMIT","f":"GTC","q":"3","p":"2.32650","ap":"0","sp":"0","x":"NEW","X":"NEW","i":953240475,"l":"0","z":"0","L":"0","T":1622134799232,"t":0,"b":"34.65690","a":"21.48810","m":false,"R":false,"wt":"CONTRACT_PRICE","ot":"LIMIT","ps":"LONG","cp":false,"rp":"0","pP":false,"si":0,"ss":0}}
18:59:59.305   [S1] 18:59:59.305  {"e":"ORDER_TRADE_UPDATE","T":1622134799232,"E":1622134799235,"o":{"s":"BELUSDT","c":"x-yIXKfZTSMJRLkdj2dk62zdVAqkXwr","S":"BUY","o":"LIMIT","f":"GTC","q":"3","p":"2.32650","ap":"2.31690","sp":"0","x":"TRADE","X":"FILLED","i":953240475,"l":"3","z":"3","L":"2.31690","n":"0.00278028","N":"USDT","T":1622134799232,"t":22789728,"b":"34.65690","a":"21.48810","m":false,"R":false,"wt":"CONTRACT_PRICE","ot":"LIMIT","ps":"LONG","cp":false,"rp":"0","pP":false,"si":0,"ss":0}}
18:59:59.308   [S1] 18:59:59.308  {"e":"ORDER_TRADE_UPDATE","T":1622134799236,"E":1622134799239,"o":{"s":"BELUSDT","c":"x-yIXKfZTSMPpLb0xsyGeA0um1sxeow","S":"BUY","o":"LIMIT","f":"GTC","q":"3","p":"2.32420","ap":"0","sp":"0","x":"NEW","X":"NEW","i":953240476,"l":"0","z":"0","L":"0","T":1622134799236,"t":0,"b":"34.65690","a":"21.48810","m":false,"R":false,"wt":"CONTRACT_PRICE","ot":"LIMIT","ps":"LONG","cp":false,"rp":"0","pP":false,"si":0,"ss":0}}
18:59:59.309   [S1] 18:59:59.309  {"e":"ORDER_TRADE_UPDATE","T":1622134799236,"E":1622134799239,"o":{"s":"BELUSDT","c":"x-yIXKfZTSMPpLb0xsyGeA0um1sxeow","S":"BUY","o":"LIMIT","f":"GTC","q":"3","p":"2.32420","ap":"2.31690","sp":"0","x":"TRADE","X":"FILLED","i":953240476,"l":"3","z":"3","L":"2.31690","n":"0.00278028","N":"USDT","T":1622134799236,"t":22789729,"b":"34.65690","a":"21.48810","m":false,"R":false,"wt":"CONTRACT_PRICE","ot":"LIMIT","ps":"LONG","cp":false,"rp":"0","pP":false,"si":0,"ss":0}}
18:59:59.330   [S1] 18:59:59.330  {"e":"ORDER_TRADE_UPDATE","T":1622134799259,"E":1622134799264,"o":{"s":"BELUSDT","c":"x-yIXKfZTSMrGjfIeMkt4qF8ePUz8aS","S":"BUY","o":"LIMIT","f":"GTC","q":"3","p":"2.31950","ap":"0","sp":"0","x":"NEW","X":"NEW","i":953240484,"l":"0","z":"0","L":"0","T":1622134799259,"t":0,"b":"34.65690","a":"21.48810","m":false,"R":false,"wt":"CONTRACT_PRICE","ot":"LIMIT","ps":"LONG","cp":false,"rp":"0","pP":false,"si":0,"ss":0}}
18:59:59.330   [S1] 18:59:59.330  {"e":"ORDER_TRADE_UPDATE","T":1622134799259,"E":1622134799264,"o":{"s":"BELUSDT","c":"x-yIXKfZTSMrGjfIeMkt4qF8ePUz8aS","S":"BUY","o":"LIMIT","f":"GTC","q":"3","p":"2.31950","ap":"2.31700","sp":"0","x":"TRADE","X":"FILLED","i":953240484,"l":"3","z":"3","L":"2.31700","n":"0.00278040","N":"USDT","T":1622134799259,"t":22789730,"b":"34.65690","a":"21.48810","m":false,"R":false,"wt":"CONTRACT_PRICE","ot":"LIMIT","ps":"LONG","cp":false,"rp":"0","pP":false,"si":0,"ss":0}}
18:59:59.390   [S1] 18:59:59.390  {"e":"ORDER_TRADE_UPDATE","T":1622134799315,"E":1622134799322,"o":{"s":"BELUSDT","c":"x-yIXKfZTSMzuOtV40NSqFXNy76kzpp","S":"BUY","o":"LIMIT","f":"GTC","q":"3","p":"2.32190","ap":"0","sp":"0","x":"NEW","X":"NEW","i":953240503,"l":"0","z":"0","L":"0","T":1622134799315,"t":0,"b":"34.65690","a":"21.48810","m":false,"R":false,"wt":"CONTRACT_PRICE","ot":"LIMIT","ps":"LONG","cp":false,"rp":"0","pP":false,"si":0,"ss":0}}
18:59:59.390   [S1] 18:59:59.390  {"e":"ORDER_TRADE_UPDATE","T":1622134799315,"E":1622134799322,"o":{"s":"BELUSDT","c":"x-yIXKfZTSMzuOtV40NSqFXNy76kzpp","S":"BUY","o":"LIMIT","f":"GTC","q":"3","p":"2.32190","ap":"2.31700","sp":"0","x":"TRADE","X":"PARTIALLY_FILLED","i":953240503,"l":"1","z":"1","L":"2.31700","n":"0.00092680","N":"USDT","T":1622134799315,"t":22789731,"b":"34.65690","a":"21.48810","m":false,"R":false,"wt":"CONTRACT_PRICE","ot":"LIMIT","ps":"LONG","cp":false,"rp":"0","pP":false,"si":0,"ss":0}}
18:59:59.390   [S1] 18:59:59.390  {"e":"ORDER_TRADE_UPDATE","T":1622134799315,"E":1622134799322,"o":{"s":"BELUSDT","c":"x-yIXKfZTSMzuOtV40NSqFXNy76kzpp","S":"BUY","o":"LIMIT","f":"GTC","q":"3","p":"2.32190","ap":"2.31700","sp":"0","x":"TRADE","X":"FILLED","i":953240503,"l":"2","z":"3","L":"2.31700","n":"0.00185360","N":"USDT","T":1622134799315,"t":22789732,"b":"34.65690","a":"21.48810","m":false,"R":false,"wt":"CONTRACT_PRICE","ot":"LIMIT","ps":"LONG","cp":false,"rp":"0","pP":false,"si":0,"ss":0}}
18:59:59.827   [S1] 18:59:59.827  {"e":"ORDER_TRADE_UPDATE","T":1622134799755,"E":1622134799760,"o":{"s":"BELUSDT","c":"x-yIXKfZTSMfQdz7WdODTdbu3kgAan5","S":"BUY","o":"LIMIT","f":"GTC","q":"3","p":"2.32320","ap":"0","sp":"0","x":"NEW","X":"NEW","i":953240569,"l":"0","z":"0","L":"0","T":1622134799755,"t":0,"b":"34.65690","a":"21.48810","m":false,"R":false,"wt":"CONTRACT_PRICE","ot":"LIMIT","ps":"LONG","cp":false,"rp":"0","pP":false,"si":0,"ss":0}}
18:59:59.827   [S1] 18:59:59.827  {"e":"ORDER_TRADE_UPDATE","T":1622134799755,"E":1622134799760,"o":{"s":"BELUSDT","c":"x-yIXKfZTSMfQdz7WdODTdbu3kgAan5","S":"BUY","o":"LIMIT","f":"GTC","q":"3","p":"2.32320","ap":"2.31770","sp":"0","x":"TRADE","X":"FILLED","i":953240569,"l":"3","z":"3","L":"2.31770","n":"0.00278124","N":"USDT","T":1622134799755,"t":22789735,"b":"34.65690","a":"21.48810","m":false,"R":false,"wt":"CONTRACT_PRICE","ot":"LIMIT","ps":"LONG","cp":false,"rp":"0","pP":false,"si":0,"ss":0}}
18:59:59.840   [S1] 18:59:59.840  {"e":"ORDER_TRADE_UPDATE","T":1622134799762,"E":1622134799768,"o":{"s":"BELUSDT","c":"x-yIXKfZTSMpbldtExebAunatmmNdCy","S":"BUY","o":"LIMIT","f":"GTC","q":"3","p":"2.32550","ap":"0","sp":"0","x":"NEW","X":"NEW","i":953240570,"l":"0","z":"0","L":"0","T":1622134799762,"t":0,"b":"34.65690","a":"21.48810","m":false,"R":false,"wt":"CONTRACT_PRICE","ot":"LIMIT","ps":"LONG","cp":false,"rp":"0","pP":false,"si":0,"ss":0}}
18:59:59.866   [S1] 18:59:59.866  {"e":"ORDER_TRADE_UPDATE","T":1622134799762,"E":1622134799768,"o":{"s":"BELUSDT","c":"x-yIXKfZTSMpbldtExebAunatmmNdCy","S":"BUY","o":"LIMIT","f":"GTC","q":"3","p":"2.32550","ap":"2.31770","sp":"0","x":"TRADE","X":"FILLED","i":953240570,"l":"3","z":"3","L":"2.31770","n":"0.00278124","N":"USDT","T":1622134799762,"t":22789736,"b":"34.65690","a":"21.48810","m":false,"R":false,"wt":"CONTRACT_PRICE","ot":"LIMIT","ps":"LONG","cp":false,"rp":"0","pP":false,"si":0,"ss":0}}
18:59:59.866   [S1] 18:59:59.866  {"e":"ORDER_TRADE_UPDATE","T":1622134799774,"E":1622134799778,"o":{"s":"BELUSDT","c":"x-yIXKfZTSMK0XLITj0kD54C2r7fCAQ","S":"BUY","o":"LIMIT","f":"GTC","q":"3","p":"2.32780","ap":"0","sp":"0","x":"NEW","X":"NEW","i":953240576,"l":"0","z":"0","L":"0","T":1622134799774,"t":0,"b":"34.65690","a":"21.48810","m":false,"R":false,"wt":"CONTRACT_PRICE","ot":"LIMIT","ps":"LONG","cp":false,"rp":"0","pP":false,"si":0,"ss":0}}
18:59:59.867   [S1] 18:59:59.867  {"e":"ORDER_TRADE_UPDATE","T":1622134799774,"E":1622134799778,"o":{"s":"BELUSDT","c":"x-yIXKfZTSMK0XLITj0kD54C2r7fCAQ","S":"BUY","o":"LIMIT","f":"GTC","q":"3","p":"2.32780","ap":"2.31770","sp":"0","x":"TRADE","X":"FILLED","i":953240576,"l":"3","z":"3","L":"2.31770","n":"0.00278124","N":"USDT","T":1622134799774,"t":22789737,"b":"34.65690","a":"21.48810","m":false,"R":false,"wt":"CONTRACT_PRICE","ot":"LIMIT","ps":"LONG","cp":false,"rp":"0","pP":false,"si":0,"ss":0}}
18:59:59.881   [S1] 18:59:59.881  {"e":"ORDER_TRADE_UPDATE","T":1622134799792,"E":1622134799797,"o":{"s":"BELUSDT","c":"x-yIXKfZTSMxwPxqlMgzNvV6nZkK0Ns","S":"BUY","o":"LIMIT","f":"GTC","q":"3","p":"2.32080","ap":"0","sp":"0","x":"NEW","X":"NEW","i":953240582,"l":"0","z":"0","L":"0","T":1622134799792,"t":0,"b":"34.65690","a":"21.48810","m":false,"R":false,"wt":"CONTRACT_PRICE","ot":"LIMIT","ps":"LONG","cp":false,"rp":"0","pP":false,"si":0,"ss":0}}
18:59:59.882   [S1] 18:59:59.882  {"e":"ORDER_TRADE_UPDATE","T":1622134799792,"E":1622134799798,"o":{"s":"BELUSDT","c":"x-yIXKfZTSMxwPxqlMgzNvV6nZkK0Ns","S":"BUY","o":"LIMIT","f":"GTC","q":"3","p":"2.32080","ap":"2.31770","sp":"0","x":"TRADE","X":"FILLED","i":953240582,"l":"3","z":"3","L":"2.31770","n":"0.00278124","N":"USDT","T":1622134799792,"t":22789738,"b":"34.65690","a":"21.48810","m":false,"R":false,"wt":"CONTRACT_PRICE","ot":"LIMIT","ps":"LONG","cp":false,"rp":"0","pP":false,"si":0,"ss":0}}
18:59:59.882   [S1] 18:59:59.882  {"e":"ORDER_TRADE_UPDATE","T":1622134799808,"E":1622134799813,"o":{"s":"BELUSDT","c":"x-yIXKfZTSSA5n39qj9WRlWfGXEL6DQ","S":"SELL","o":"LIMIT","f":"GTC","q":"3","p":"2.39100","ap":"0","sp":"0","x":"NEW","X":"NEW","i":953240587,"l":"0","z":"0","L":"0","T":1622134799808,"t":0,"b":"34.65690","a":"28.66110","m":false,"R":true,"wt":"CONTRACT_PRICE","ot":"LIMIT","ps":"LONG","cp":false,"rp":"0","pP":false,"si":0,"ss":0}}
18:59:59.920   [S1] 18:59:59.920  {"e":"ORDER_TRADE_UPDATE","T":1622134799848,"E":1622134799853,"o":{"s":"BELUSDT","c":"x-yIXKfZTSSdcguFCwQsvKzS4DN0Pnq","S":"SELL","o":"LIMIT","f":"GTC","q":"3","p":"2.39100","ap":"0","sp":"0","x":"NEW","X":"NEW","i":953240596,"l":"0","z":"0","L":"0","T":1622134799848,"t":0,"b":"34.65690","a":"35.83410","m":false,"R":true,"wt":"CONTRACT_PRICE","ot":"LIMIT","ps":"LONG","cp":false,"rp":"0","pP":false,"si":0,"ss":0}}
18:59:59.941   [S1] 18:59:59.941  {"e":"ORDER_TRADE_UPDATE","T":1622134799852,"E":1622134799856,"o":{"s":"BELUSDT","c":"x-yIXKfZTSSnNzATUkHtnpY1R0Gwsod","S":"SELL","o":"LIMIT","f":"GTC","q":"3","p":"2.39100","ap":"0","sp":"0","x":"NEW","X":"NEW","i":953240597,"l":"0","z":"0","L":"0","T":1622134799852,"t":0,"b":"34.65690","a":"43.00710","m":false,"R":true,"wt":"CONTRACT_PRICE","ot":"LIMIT","ps":"LONG","cp":false,"rp":"0","pP":false,"si":0,"ss":0}}
18:59:59.980   [S1] 18:59:59.980  {"e":"ORDER_TRADE_UPDATE","T":1622134799909,"E":1622134799913,"o":{"s":"BELUSDT","c":"x-yIXKfZTSSeIy2aFL9e3S50FpmPhsO","S":"SELL","o":"LIMIT","f":"GTC","q":"3","p":"2.39100","ap":"0","sp":"0","x":"NEW","X":"NEW","i":953240603,"l":"0","z":"0","L":"0","T":1622134799909,"t":0,"b":"34.65690","a":"50.18010","m":false,"R":true,"wt":"CONTRACT_PRICE","ot":"LIMIT","ps":"LONG","cp":false,"rp":"0","pP":false,"si":0,"ss":0}}
19:00:00.480   [S1] 19:00:00.480  {"e":"ORDER_TRADE_UPDATE","T":1622134800411,"E":1622134800414,"o":{"s":"BELUSDT","c":"x-yIXKfZTSSEkoJtiLqksU1MGNaCoBm","S":"SELL","o":"LIMIT","f":"GTC","q":"3","p":"2.39260","ap":"0","sp":"0","x":"NEW","X":"NEW","i":953240683,"l":"0","z":"0","L":"0","T":1622134800411,"t":0,"b":"34.65690","a":"57.35790","m":false,"R":true,"wt":"CONTRACT_PRICE","ot":"LIMIT","ps":"LONG","cp":false,"rp":"0","pP":false,"si":0,"ss":0}}
19:00:00.636   [S1] 19:00:00.636  {"e":"ORDER_TRADE_UPDATE","T":1622134800566,"E":1622134800570,"o":{"s":"BELUSDT","c":"x-yIXKfZTSSTrTmVf5THB6ZTotl422B","S":"SELL","o":"LIMIT","f":"GTC","q":"3","p":"2.39260","ap":"0","sp":"0","x":"NEW","X":"NEW","i":953240684,"l":"0","z":"0","L":"0","T":1622134800566,"t":0,"b":"34.65690","a":"64.53570","m":false,"R":true,"wt":"CONTRACT_PRICE","ot":"LIMIT","ps":"LONG","cp":false,"rp":"0","pP":false,"si":0,"ss":0}}
19:00:00.663   [S1] 19:00:00.663  {"e":"ORDER_TRADE_UPDATE","T":1622134800580,"E":1622134800584,"o":{"s":"BELUSDT","c":"x-yIXKfZTSSt2BlcVEyAi67uWtIxN6k","S":"SELL","o":"LIMIT","f":"GTC","q":"3","p":"2.39260","ap":"0","sp":"0","x":"NEW","X":"NEW","i":953240690,"l":"0","z":"0","L":"0","T":1622134800580,"t":0,"b":"34.65690","a":"71.71350","m":false,"R":true,"wt":"CONTRACT_PRICE","ot":"LIMIT","ps":"LONG","cp":false,"rp":"0","pP":false,"si":0,"ss":0}}
19:00:00.664   [S1] 19:00:00.664  {"e":"ORDER_TRADE_UPDATE","T":1622134800588,"E":1622134800591,"o":{"s":"BELUSDT","c":"x-yIXKfZTSS7pHH43DIX2MoT3Q1ew3g","S":"SELL","o":"LIMIT","f":"GTC","q":"3","p":"2.39260","ap":"0","sp":"0","x":"NEW","X":"NEW","i":953240694,"l":"0","z":"0","L":"0","T":1622134800588,"t":0,"b":"34.65690","a":"78.89130","m":false,"R":true,"wt":"CONTRACT_PRICE","ot":"LIMIT","ps":"LONG","cp":false,"rp":"0","pP":false,"si":0,"ss":0}}
19:00:02.368   [S1] 19:00:02.368  {"e":"ORDER_TRADE_UPDATE","T":1622134802295,"E":1622134802299,"o":{"s":"BELUSDT","c":"x-yIXKfZTSMaq1Vsq8b6e9bo8057FMD","S":"BUY","o":"LIMIT","f":"GTC","q":"3","p":"2.31260","ap":"2.31260","sp":"0","x":"TRADE","X":"FILLED","i":953240219,"l":"3","z":"3","L":"2.31260","n":"0.00138756","N":"USDT","T":1622134802295,"t":22789759,"b":"20.78280","a":"78.89130","m":true,"R":false,"wt":"CONTRACT_PRICE","ot":"LIMIT","ps":"LONG","cp":false,"rp":"0","pP":false,"si":0,"ss":0}}
19:00:02.369   [S1] 19:00:02.368  {"e":"ORDER_TRADE_UPDATE","T":1622134802296,"E":1622134802299,"o":{"s":"BELUSDT","c":"x-yIXKfZTSMbRAFbD1o9rABp0XmUT7E","S":"BUY","o":"LIMIT","f":"GTC","q":"3","p":"2.31210","ap":"2.31210","sp":"0","x":"TRADE","X":"FILLED","i":953240135,"l":"3","z":"3","L":"2.31210","n":"0.00138726","N":"USDT","T":1622134802296,"t":22789760,"b":"20.78280","a":"78.89130","m":true,"R":false,"wt":"CONTRACT_PRICE","ot":"LIMIT","ps":"LONG","cp":false,"rp":"0","pP":false,"si":0,"ss":0}}
19:00:02.740   [S1] 19:00:02.739  {"e":"ORDER_TRADE_UPDATE","T":1622134802669,"E":1622134802673,"o":{"s":"BELUSDT","c":"x-yIXKfZTSMIZqcq0lwPXU5irt3V0W8","S":"BUY","o":"LIMIT","f":"GTC","q":"3","p":"2.31030","ap":"2.31030","sp":"0","x":"TRADE","X":"FILLED","i":953240215,"l":"3","z":"3","L":"2.31030","n":"0.00138618","N":"USDT","T":1622134802669,"t":22789773,"b":"6.92250","a":"78.89130","m":true,"R":false,"wt":"CONTRACT_PRICE","ot":"LIMIT","ps":"LONG","cp":false,"rp":"0","pP":false,"si":0,"ss":0}}
19:00:02.751   [S1] 19:00:02.751  {"e":"ORDER_TRADE_UPDATE","T":1622134802669,"E":1622134802675,"o":{"s":"BELUSDT","c":"x-yIXKfZTSMk2VCCF84xZ7TwcUisAwX","S":"BUY","o":"LIMIT","f":"GTC","q":"3","p":"2.30980","ap":"2.30980","sp":"0","x":"TRADE","X":"FILLED","i":953240143,"l":"3","z":"3","L":"2.30980","n":"0.00138588","N":"USDT","T":1622134802669,"t":22789781,"b":"6.92250","a":"78.89130","m":true,"R":false,"wt":"CONTRACT_PRICE","ot":"LIMIT","ps":"LONG","cp":false,"rp":"0","pP":false,"si":0,"ss":0}}
19:00:03.082   [S1] 19:00:03.082  {"e":"ORDER_TRADE_UPDATE","T":1622134802997,"E":1622134803001,"o":{"s":"BELUSDT","c":"x-yIXKfZTSSgxDNxv8Zr7PAubpmmsMO","S":"SELL","o":"LIMIT","f":"GTC","q":"3","p":"2.38540","ap":"0","sp":"0","x":"NEW","X":"NEW","i":953241186,"l":"0","z":"0","L":"0","T":1622134802997,"t":0,"b":"6.92250","a":"86.04750","m":false,"R":true,"wt":"CONTRACT_PRICE","ot":"LIMIT","ps":"LONG","cp":false,"rp":"0","pP":false,"si":0,"ss":0}}
19:00:03.083   [S1] 19:00:03.083  {"e":"ORDER_TRADE_UPDATE","T":1622134803003,"E":1622134803007,"o":{"s":"BELUSDT","c":"x-yIXKfZTSSELS00aod5vRwg87J4LSt","S":"SELL","o":"LIMIT","f":"GTC","q":"3","p":"2.38590","ap":"0","sp":"0","x":"NEW","X":"NEW","i":953241187,"l":"0","z":"0","L":"0","T":1622134803003,"t":0,"b":"6.92250","a":"93.20520","m":false,"R":true,"wt":"CONTRACT_PRICE","ot":"LIMIT","ps":"LONG","cp":false,"rp":"0","pP":false,"si":0,"ss":0}}
19:00:03.366   [S1] 19:00:03.366  {"e":"ORDER_TRADE_UPDATE","T":1622134803292,"E":1622134803298,"o":{"s":"BELUSDT","c":"x-yIXKfZTSSCkYi4IuMyQy225tQ27b4","S":"SELL","o":"LIMIT","f":"GTC","q":"3","p":"2.38310","ap":"0","sp":"0","x":"NEW","X":"NEW","i":953241217,"l":"0","z":"0","L":"0","T":1622134803292,"t":0,"b":"6.92250","a":"100.35450","m":false,"R":true,"wt":"CONTRACT_PRICE","ot":"LIMIT","ps":"LONG","cp":false,"rp":"0","pP":false,"si":0,"ss":0}}
19:00:04.070   [S1] 19:00:04.070  {"e":"ORDER_TRADE_UPDATE","T":1622134803997,"E":1622134804001,"o":{"s":"BELUSDT","c":"x-yIXKfZTSSKnoVe8P9CoYMYHmjq8uw","S":"SELL","o":"LIMIT","f":"GTC","q":"3","p":"2.38410","ap":"0","sp":"0","x":"NEW","X":"NEW","i":953241290,"l":"0","z":"0","L":"0","T":1622134803997,"t":0,"b":"6.92250","a":"107.50680","m":false,"R":true,"wt":"CONTRACT_PRICE","ot":"LIMIT","ps":"LONG","cp":false,"rp":"0","pP":false,"si":0,"ss":0}}
19:00:14.852   [S1] 19:00:14.852  {"e":"ORDER_TRADE_UPDATE","T":1622134814780,"E":1622134814784,"o":{"s":"BELUSDT","c":"x-yIXKfZTSMsEgvdLw3HovC8NIR2GJn","S":"BUY","o":"LIMIT","f":"GTC","q":"3","p":"2.30750","ap":"2.30750","sp":"0","x":"TRADE","X":"FILLED","i":953240136,"l":"3","z":"3","L":"2.30750","n":"0.00138450","N":"USDT","T":1622134814780,"t":22789872,"b":"0","a":"107.50680","m":true,"R":false,"wt":"CONTRACT_PRICE","ot":"LIMIT","ps":"LONG","cp":false,"rp":"0","pP":false,"si":0,"ss":0}}
19:00:15.427   [S1] 19:00:15.427  {"e":"ORDER_TRADE_UPDATE","T":1622134815356,"E":1622134815361,"o":{"s":"BELUSDT","c":"x-yIXKfZTSSnKqgDRQoZ1K2qP35v6Tq","S":"SELL","o":"LIMIT","f":"GTC","q":"3","p":"2.38110","ap":"0","sp":"0","x":"NEW","X":"NEW","i":953242188,"l":"0","z":"0","L":"0","T":1622134815356,"t":0,"b":"0","a":"114.65010","m":false,"R":true,"wt":"CONTRACT_PRICE","ot":"LIMIT","ps":"LONG","cp":false,"rp":"0","pP":false,"si":0,"ss":0}}
19:00:26.872   [S1] 19:00:26.872  {"e":"ORDER_TRADE_UPDATE","T":1622134826801,"E":1622134826806,"o":{"s":"BELUSDT","c":"x-yIXKfZTSMg6smWeCn94azniTvB7JF","S":"BUY","o":"LIMIT","f":"GTC","q":"3","p":"2.32280","ap":"0","sp":"0","x":"NEW","X":"NEW","i":953242856,"l":"0","z":"0","L":"0","T":1622134826801,"t":0,"b":"0","a":"114.65010","m":false,"R":false,"wt":"CONTRACT_PRICE","ot":"LIMIT","ps":"LONG","cp":false,"rp":"0","pP":false,"si":0,"ss":0}}
19:00:26.873   [S1] 19:00:26.873  {"e":"ORDER_TRADE_UPDATE","T":1622134826801,"E":1622134826806,"o":{"s":"BELUSDT","c":"x-yIXKfZTSMg6smWeCn94azniTvB7JF","S":"BUY","o":"LIMIT","f":"GTC","q":"3","p":"2.32280","ap":"2.31000","sp":"0","x":"TRADE","X":"FILLED","i":953242856,"l":"3","z":"3","L":"2.31000","n":"0.00277200","N":"USDT","T":1622134826801,"t":22789906,"b":"0","a":"114.65010","m":false,"R":false,"wt":"CONTRACT_PRICE","ot":"LIMIT","ps":"LONG","cp":false,"rp":"0","pP":false,"si":0,"ss":0}}
19:00:26.909   [S1] 19:00:26.909  {"e":"ORDER_TRADE_UPDATE","T":1622134826838,"E":1622134826843,"o":{"s":"BELUSDT","c":"x-yIXKfZTSMWZzKoNukcIxqTmF0az8M","S":"BUY","o":"LIMIT","f":"GTC","q":"3","p":"2.31590","ap":"0","sp":"0","x":"NEW","X":"NEW","i":953242859,"l":"0","z":"0","L":"0","T":1622134826838,"t":0,"b":"0","a":"114.65010","m":false,"R":false,"wt":"CONTRACT_PRICE","ot":"LIMIT","ps":"LONG","cp":false,"rp":"0","pP":false,"si":0,"ss":0}}
19:00:26.910   [S1] 19:00:26.910  {"e":"ORDER_TRADE_UPDATE","T":1622134826838,"E":1622134826843,"o":{"s":"BELUSDT","c":"x-yIXKfZTSMWZzKoNukcIxqTmF0az8M","S":"BUY","o":"LIMIT","f":"GTC","q":"3","p":"2.31590","ap":"2.31000","sp":"0","x":"TRADE","X":"FILLED","i":953242859,"l":"3","z":"3","L":"2.31000","n":"0.00277200","N":"USDT","T":1622134826838,"t":22789907,"b":"0","a":"114.65010","m":false,"R":false,"wt":"CONTRACT_PRICE","ot":"LIMIT","ps":"LONG","cp":false,"rp":"0","pP":false,"si":0,"ss":0}}
19:00:26.911   [S1] 19:00:26.911  {"e":"ORDER_TRADE_UPDATE","T":1622134826841,"E":1622134826845,"o":{"s":"BELUSDT","c":"x-yIXKfZTSMTovrmmyVzJ36drf4NCRD","S":"BUY","o":"LIMIT","f":"GTC","q":"3","p":"2.32050","ap":"0","sp":"0","x":"NEW","X":"NEW","i":953242860,"l":"0","z":"0","L":"0","T":1622134826841,"t":0,"b":"0","a":"114.65010","m":false,"R":false,"wt":"CONTRACT_PRICE","ot":"LIMIT","ps":"LONG","cp":false,"rp":"0","pP":false,"si":0,"ss":0}}
19:00:26.911   [S1] 19:00:26.911  {"e":"ORDER_TRADE_UPDATE","T":1622134826841,"E":1622134826845,"o":{"s":"BELUSDT","c":"x-yIXKfZTSMTovrmmyVzJ36drf4NCRD","S":"BUY","o":"LIMIT","f":"GTC","q":"3","p":"2.32050","ap":"2.31000","sp":"0","x":"TRADE","X":"FILLED","i":953242860,"l":"3","z":"3","L":"2.31000","n":"0.00277200","N":"USDT","T":1622134826841,"t":22789908,"b":"0","a":"114.65010","m":false,"R":false,"wt":"CONTRACT_PRICE","ot":"LIMIT","ps":"LONG","cp":false,"rp":"0","pP":false,"si":0,"ss":0}}
19:00:26.937   [S1] 19:00:26.937  {"e":"ORDER_TRADE_UPDATE","T":1622134826869,"E":1622134826872,"o":{"s":"BELUSDT","c":"x-yIXKfZTSMKLf0HnnIW3gkipCwVMf6","S":"BUY","o":"LIMIT","f":"GTC","q":"3","p":"2.31820","ap":"0","sp":"0","x":"NEW","X":"NEW","i":953242862,"l":"0","z":"0","L":"0","T":1622134826869,"t":0,"b":"0","a":"114.65010","m":false,"R":false,"wt":"CONTRACT_PRICE","ot":"LIMIT","ps":"LONG","cp":false,"rp":"0","pP":false,"si":0,"ss":0}}
19:00:26.938   [S1] 19:00:26.938  {"e":"ORDER_TRADE_UPDATE","T":1622134826869,"E":1622134826872,"o":{"s":"BELUSDT","c":"x-yIXKfZTSMKLf0HnnIW3gkipCwVMf6","S":"BUY","o":"LIMIT","f":"GTC","q":"3","p":"2.31820","ap":"2.31000","sp":"0","x":"TRADE","X":"FILLED","i":953242862,"l":"3","z":"3","L":"2.31000","n":"0.00277200","N":"USDT","T":1622134826869,"t":22789909,"b":"0","a":"114.65010","m":false,"R":false,"wt":"CONTRACT_PRICE","ot":"LIMIT","ps":"LONG","cp":false,"rp":"0","pP":false,"si":0,"ss":0}}
19:00:27.466   [S1] 19:00:27.466  {"e":"ORDER_TRADE_UPDATE","T":1622134827392,"E":1622134827397,"o":{"s":"BELUSDT","c":"x-yIXKfZTSSpGPZLU5UEamikt8Mzqsl","S":"SELL","o":"LIMIT","f":"GTC","q":"3","p":"2.38320","ap":"0","sp":"0","x":"NEW","X":"NEW","i":953242910,"l":"0","z":"0","L":"0","T":1622134827392,"t":0,"b":"0","a":"121.79970","m":false,"R":true,"wt":"CONTRACT_PRICE","ot":"LIMIT","ps":"LONG","cp":false,"rp":"0","pP":false,"si":0,"ss":0}}
19:00:27.473   [S1] 19:00:27.473  {"e":"ORDER_TRADE_UPDATE","T":1622134827402,"E":1622134827407,"o":{"s":"BELUSDT","c":"x-yIXKfZTSStTHYa7rZ8X2McDE6segW","S":"SELL","o":"LIMIT","f":"GTC","q":"3","p":"2.38320","ap":"0","sp":"0","x":"NEW","X":"NEW","i":953242911,"l":"0","z":"0","L":"0","T":1622134827402,"t":0,"b":"0","a":"128.94930","m":false,"R":true,"wt":"CONTRACT_PRICE","ot":"LIMIT","ps":"LONG","cp":false,"rp":"0","pP":false,"si":0,"ss":0}}
19:00:27.492   [S1] 19:00:27.492  {"e":"ORDER_TRADE_UPDATE","T":1622134827418,"E":1622134827423,"o":{"s":"BELUSDT","c":"x-yIXKfZTSStpUZtNMCj256b7ojlPUN","S":"SELL","o":"LIMIT","f":"GTC","q":"3","p":"2.38320","ap":"0","sp":"0","x":"NEW","X":"NEW","i":953242912,"l":"0","z":"0","L":"0","T":1622134827418,"t":0,"b":"0","a":"136.09890","m":false,"R":true,"wt":"CONTRACT_PRICE","ot":"LIMIT","ps":"LONG","cp":false,"rp":"0","pP":false,"si":0,"ss":0}}
19:00:27.513   [S1] 19:00:27.513  {"e":"ORDER_TRADE_UPDATE","T":1622134827433,"E":1622134827438,"o":{"s":"BELUSDT","c":"x-yIXKfZTSS2dL1dF4EEPtxCv1d0Wbn","S":"SELL","o":"LIMIT","f":"GTC","q":"3","p":"2.38320","ap":"0","sp":"0","x":"NEW","X":"NEW","i":953242915,"l":"0","z":"0","L":"0","T":1622134827433,"t":0,"b":"0","a":"143.24850","m":false,"R":true,"wt":"CONTRACT_PRICE","ot":"LIMIT","ps":"LONG","cp":false,"rp":"0","pP":false,"si":0,"ss":0}}
19:00:38.787   [S1] 19:00:38.787  {"e":"ORDER_TRADE_UPDATE","T":1622134838718,"E":1622134838722,"o":{"s":"BELUSDT","c":"x-yIXKfZTSMoTmZwmzjl9xnl6xD4laE","S":"BUY","o":"LIMIT","f":"GTC","q":"3","p":"2.31590","ap":"0","sp":"0","x":"NEW","X":"NEW","i":953243764,"l":"0","z":"0","L":"0","T":1622134838718,"t":0,"b":"0","a":"143.24850","m":false,"R":false,"wt":"CONTRACT_PRICE","ot":"LIMIT","ps":"LONG","cp":false,"rp":"0","pP":false,"si":0,"ss":0}}
19:00:38.787   [S1] 19:00:38.787  {"e":"ORDER_TRADE_UPDATE","T":1622134838718,"E":1622134838722,"o":{"s":"BELUSDT","c":"x-yIXKfZTSMoTmZwmzjl9xnl6xD4laE","S":"BUY","o":"LIMIT","f":"GTC","q":"3","p":"2.31590","ap":"2.31150","sp":"0","x":"TRADE","X":"FILLED","i":953243764,"l":"3","z":"3","L":"2.31150","n":"0.00277380","N":"USDT","T":1622134838718,"t":22789980,"b":"0","a":"143.24850","m":false,"R":false,"wt":"CONTRACT_PRICE","ot":"LIMIT","ps":"LONG","cp":false,"rp":"0","pP":false,"si":0,"ss":0}}
19:00:38.814   [S1] 19:00:38.814  {"e":"ORDER_TRADE_UPDATE","T":1622134838730,"E":1622134838735,"o":{"s":"BELUSDT","c":"x-yIXKfZTSM3uVymT8SNYRKTJcaeAcG","S":"BUY","o":"LIMIT","f":"GTC","q":"3","p":"2.32280","ap":"0","sp":"0","x":"NEW","X":"NEW","i":953243768,"l":"0","z":"0","L":"0","T":1622134838730,"t":0,"b":"0","a":"143.24850","m":false,"R":false,"wt":"CONTRACT_PRICE","ot":"LIMIT","ps":"LONG","cp":false,"rp":"0","pP":false,"si":0,"ss":0}}
19:00:38.814   [S1] 19:00:38.814  {"e":"ORDER_TRADE_UPDATE","T":1622134838730,"E":1622134838735,"o":{"s":"BELUSDT","c":"x-yIXKfZTSM3uVymT8SNYRKTJcaeAcG","S":"BUY","o":"LIMIT","f":"GTC","q":"3","p":"2.32280","ap":"2.31140","sp":"0","x":"TRADE","X":"FILLED","i":953243768,"l":"3","z":"3","L":"2.31140","n":"0.00277368","N":"USDT","T":1622134838730,"t":22789981,"b":"0","a":"143.24850","m":false,"R":false,"wt":"CONTRACT_PRICE","ot":"LIMIT","ps":"LONG","cp":false,"rp":"0","pP":false,"si":0,"ss":0}}
19:00:38.814   [S1] 19:00:38.814  {"e":"ORDER_TRADE_UPDATE","T":1622134838733,"E":1622134838737,"o":{"s":"BELUSDT","c":"x-yIXKfZTSMVnFIM0Y5Nds6ie2JGQEZ","S":"BUY","o":"LIMIT","f":"GTC","q":"3","p":"2.32050","ap":"0","sp":"0","x":"NEW","X":"NEW","i":953243769,"l":"0","z":"0","L":"0","T":1622134838733,"t":0,"b":"0","a":"143.24850","m":false,"R":false,"wt":"CONTRACT_PRICE","ot":"LIMIT","ps":"LONG","cp":false,"rp":"0","pP":false,"si":0,"ss":0}}
19:00:38.816   [S1] 19:00:38.816  {"e":"ORDER_TRADE_UPDATE","T":1622134838733,"E":1622134838737,"o":{"s":"BELUSDT","c":"x-yIXKfZTSMVnFIM0Y5Nds6ie2JGQEZ","S":"BUY","o":"LIMIT","f":"GTC","q":"3","p":"2.32050","ap":"2.31150","sp":"0","x":"TRADE","X":"FILLED","i":953243769,"l":"3","z":"3","L":"2.31150","n":"0.00277380","N":"USDT","T":1622134838733,"t":22789982,"b":"0","a":"143.24850","m":false,"R":false,"wt":"CONTRACT_PRICE","ot":"LIMIT","ps":"LONG","cp":false,"rp":"0","pP":false,"si":0,"ss":0}}
19:00:38.816   [S1] 19:00:38.816  {"e":"ORDER_TRADE_UPDATE","T":1622134838743,"E":1622134838749,"o":{"s":"BELUSDT","c":"x-yIXKfZTSMMzMAVsx5ZnfQfSoh65G8","S":"BUY","o":"LIMIT","f":"GTC","q":"3","p":"2.31820","ap":"0","sp":"0","x":"NEW","X":"NEW","i":953243771,"l":"0","z":"0","L":"0","T":1622134838743,"t":0,"b":"0","a":"143.24850","m":false,"R":false,"wt":"CONTRACT_PRICE","ot":"LIMIT","ps":"LONG","cp":false,"rp":"0","pP":false,"si":0,"ss":0}}
19:00:38.816   [S1] 19:00:38.816  {"e":"ORDER_TRADE_UPDATE","T":1622134838743,"E":1622134838749,"o":{"s":"BELUSDT","c":"x-yIXKfZTSMMzMAVsx5ZnfQfSoh65G8","S":"BUY","o":"LIMIT","f":"GTC","q":"3","p":"2.31820","ap":"2.31160","sp":"0","x":"TRADE","X":"FILLED","i":953243771,"l":"3","z":"3","L":"2.31160","n":"0.00277392","N":"USDT","T":1622134838743,"t":22789983,"b":"0","a":"143.24850","m":false,"R":false,"wt":"CONTRACT_PRICE","ot":"LIMIT","ps":"LONG","cp":false,"rp":"0","pP":false,"si":0,"ss":0}}
19:00:39.349   [S1] 19:00:39.349  {"e":"ORDER_TRADE_UPDATE","T":1622134839278,"E":1622134839283,"o":{"s":"BELUSDT","c":"x-yIXKfZTSSgHhs1oizV8YAUfu7i6NR","S":"SELL","o":"LIMIT","f":"GTC","q":"3","p":"2.38480","ap":"0","sp":"0","x":"NEW","X":"NEW","i":953243819,"l":"0","z":"0","L":"0","T":1622134839278,"t":0,"b":"0","a":"150.40290","m":false,"R":true,"wt":"CONTRACT_PRICE","ot":"LIMIT","ps":"LONG","cp":false,"rp":"0","pP":false,"si":0,"ss":0}}
19:00:39.361   [S1] 19:00:39.361  {"e":"ORDER_TRADE_UPDATE","T":1622134839292,"E":1622134839295,"o":{"s":"BELUSDT","c":"x-yIXKfZTSSUbSZpiBgjIVUvKFfmLtA","S":"SELL","o":"LIMIT","f":"GTC","q":"3","p":"2.38480","ap":"0","sp":"0","x":"NEW","X":"NEW","i":953243822,"l":"0","z":"0","L":"0","T":1622134839292,"t":0,"b":"0","a":"157.55730","m":false,"R":true,"wt":"CONTRACT_PRICE","ot":"LIMIT","ps":"LONG","cp":false,"rp":"0","pP":false,"si":0,"ss":0}}
19:00:39.375   [S1] 19:00:39.375  {"e":"ORDER_TRADE_UPDATE","T":1622134839303,"E":1622134839307,"o":{"s":"BELUSDT","c":"x-yIXKfZTSSBlZwmekYv3ydAkfSmrPR","S":"SELL","o":"LIMIT","f":"GTC","q":"3","p":"2.38480","ap":"0","sp":"0","x":"NEW","X":"NEW","i":953243825,"l":"0","z":"0","L":"0","T":1622134839303,"t":0,"b":"0","a":"164.71170","m":false,"R":true,"wt":"CONTRACT_PRICE","ot":"LIMIT","ps":"LONG","cp":false,"rp":"0","pP":false,"si":0,"ss":0}}
19:00:39.378   [S1] 19:00:39.378  {"e":"ORDER_TRADE_UPDATE","T":1622134839307,"E":1622134839312,"o":{"s":"BELUSDT","c":"x-yIXKfZTSSKuqjdeUz0JnWN6G0uKVk","S":"SELL","o":"LIMIT","f":"GTC","q":"3","p":"2.38500","ap":"0","sp":"0","x":"NEW","X":"NEW","i":953243826,"l":"0","z":"0","L":"0","T":1622134839307,"t":0,"b":"0","a":"171.86670","m":false,"R":true,"wt":"CONTRACT_PRICE","ot":"LIMIT","ps":"LONG","cp":false,"rp":"0","pP":false,"si":0,"ss":0}}
19:00:39.952   [S1] 19:00:39.952  {"e":"ORDER_TRADE_UPDATE","T":1622134839860,"E":1622134839864,"o":{"s":"BELUSDT","c":"x-yIXKfZTSMV20JxqAUYzAJZ3ILnxqa","S":"BUY","o":"LIMIT","f":"GTC","q":"3","p":"2.31590","ap":"0","sp":"0","x":"NEW","X":"NEW","i":953243860,"l":"0","z":"0","L":"0","T":1622134839860,"t":0,"b":"0","a":"171.86670","m":false,"R":false,"wt":"CONTRACT_PRICE","ot":"LIMIT","ps":"LONG","cp":false,"rp":"0","pP":false,"si":0,"ss":0}}
19:00:39.952   [S1] 19:00:39.952  {"e":"ORDER_TRADE_UPDATE","T":1622134839860,"E":1622134839864,"o":{"s":"BELUSDT","c":"x-yIXKfZTSMV20JxqAUYzAJZ3ILnxqa","S":"BUY","o":"LIMIT","f":"GTC","q":"3","p":"2.31590","ap":"2.31120","sp":"0","x":"TRADE","X":"FILLED","i":953243860,"l":"3","z":"3","L":"2.31120","n":"0.00277344","N":"USDT","T":1622134839860,"t":22789991,"b":"0","a":"171.86670","m":false,"R":false,"wt":"CONTRACT_PRICE","ot":"LIMIT","ps":"LONG","cp":false,"rp":"0","pP":false,"si":0,"ss":0}}
19:00:39.962   [S1] 19:00:39.962  {"e":"ORDER_TRADE_UPDATE","T":1622134839869,"E":1622134839874,"o":{"s":"BELUSDT","c":"x-yIXKfZTSM9fmUzzSIslCrxFsJhQq1","S":"BUY","o":"LIMIT","f":"GTC","q":"3","p":"2.31820","ap":"0","sp":"0","x":"NEW","X":"NEW","i":953243865,"l":"0","z":"0","L":"0","T":1622134839869,"t":0,"b":"0","a":"171.86670","m":false,"R":false,"wt":"CONTRACT_PRICE","ot":"LIMIT","ps":"LONG","cp":false,"rp":"0","pP":false,"si":0,"ss":0}}
19:00:39.963   [S1] 19:00:39.963  {"e":"ORDER_TRADE_UPDATE","T":1622134839869,"E":1622134839874,"o":{"s":"BELUSDT","c":"x-yIXKfZTSM9fmUzzSIslCrxFsJhQq1","S":"BUY","o":"LIMIT","f":"GTC","q":"3","p":"2.31820","ap":"2.31150","sp":"0","x":"TRADE","X":"FILLED","i":953243865,"l":"3","z":"3","L":"2.31150","n":"0.00277380","N":"USDT","T":1622134839869,"t":22789993,"b":"0","a":"171.86670","m":false,"R":false,"wt":"CONTRACT_PRICE","ot":"LIMIT","ps":"LONG","cp":false,"rp":"0","pP":false,"si":0,"ss":0}}
19:00:39.970   [S1] 19:00:39.970  {"e":"ORDER_TRADE_UPDATE","T":1622134839888,"E":1622134839893,"o":{"s":"BELUSDT","c":"x-yIXKfZTSMriQ9rpkEuzE8L3vfdKCc","S":"BUY","o":"LIMIT","f":"GTC","q":"3","p":"2.32050","ap":"0","sp":"0","x":"NEW","X":"NEW","i":953243867,"l":"0","z":"0","L":"0","T":1622134839888,"t":0,"b":"0","a":"171.86670","m":false,"R":false,"wt":"CONTRACT_PRICE","ot":"LIMIT","ps":"LONG","cp":false,"rp":"0","pP":false,"si":0,"ss":0}}
19:00:39.971   [S1] 19:00:39.971  {"e":"ORDER_TRADE_UPDATE","T":1622134839888,"E":1622134839893,"o":{"s":"BELUSDT","c":"x-yIXKfZTSMriQ9rpkEuzE8L3vfdKCc","S":"BUY","o":"LIMIT","f":"GTC","q":"3","p":"2.32050","ap":"2.31160","sp":"0","x":"TRADE","X":"FILLED","i":953243867,"l":"3","z":"3","L":"2.31160","n":"0.00277392","N":"USDT","T":1622134839888,"t":22789994,"b":"0","a":"171.86670","m":false,"R":false,"wt":"CONTRACT_PRICE","ot":"LIMIT","ps":"LONG","cp":false,"rp":"0","pP":false,"si":0,"ss":0}}
19:00:39.971   [S1] 19:00:39.971  {"e":"ORDER_TRADE_UPDATE","T":1622134839890,"E":1622134839895,"o":{"s":"BELUSDT","c":"x-yIXKfZTSMMQZmNEv7JQSUHVR5Iy17","S":"BUY","o":"LIMIT","f":"GTC","q":"3","p":"2.32280","ap":"0","sp":"0","x":"NEW","X":"NEW","i":953243868,"l":"0","z":"0","L":"0","T":1622134839890,"t":0,"b":"0","a":"171.86670","m":false,"R":false,"wt":"CONTRACT_PRICE","ot":"LIMIT","ps":"LONG","cp":false,"rp":"0","pP":false,"si":0,"ss":0}}
19:00:39.971   [S1] 19:00:39.971  {"e":"ORDER_TRADE_UPDATE","T":1622134839890,"E":1622134839895,"o":{"s":"BELUSDT","c":"x-yIXKfZTSMMQZmNEv7JQSUHVR5Iy17","S":"BUY","o":"LIMIT","f":"GTC","q":"3","p":"2.32280","ap":"2.31160","sp":"0","x":"TRADE","X":"FILLED","i":953243868,"l":"3","z":"3","L":"2.31160","n":"0.00277392","N":"USDT","T":1622134839890,"t":22789995,"b":"0","a":"171.86670","m":false,"R":false,"wt":"CONTRACT_PRICE","ot":"LIMIT","ps":"LONG","cp":false,"rp":"0","pP":false,"si":0,"ss":0}}
19:00:40.529   [S1] 19:00:40.529  {"e":"ORDER_TRADE_UPDATE","T":1622134840459,"E":1622134840464,"o":{"s":"BELUSDT","c":"x-yIXKfZTSSYpIA9dB5TFJ82AHnFnwC","S":"SELL","o":"LIMIT","f":"GTC","q":"3","p":"2.38480","ap":"0","sp":"0","x":"NEW","X":"NEW","i":953243887,"l":"0","z":"0","L":"0","T":1622134840459,"t":0,"b":"0","a":"179.02110","m":false,"R":true,"wt":"CONTRACT_PRICE","ot":"LIMIT","ps":"LONG","cp":false,"rp":"0","pP":false,"si":0,"ss":0}}
19:00:40.537   [S1] 19:00:40.537  {"e":"ORDER_TRADE_UPDATE","T":1622134840466,"E":1622134840472,"o":{"s":"BELUSDT","c":"x-yIXKfZTSS4AdQntqqfGCnhY9Jc2iq","S":"SELL","o":"LIMIT","f":"GTC","q":"3","p":"2.38500","ap":"0","sp":"0","x":"NEW","X":"NEW","i":953243888,"l":"0","z":"0","L":"0","T":1622134840466,"t":0,"b":"0","a":"186.17610","m":false,"R":true,"wt":"CONTRACT_PRICE","ot":"LIMIT","ps":"LONG","cp":false,"rp":"0","pP":false,"si":0,"ss":0}}
19:00:40.587   [S1] 19:00:40.587  {"e":"ORDER_TRADE_UPDATE","T":1622134840514,"E":1622134840520,"o":{"s":"BELUSDT","c":"x-yIXKfZTSSq6q9h1DWIhQw5GqJSvPG","S":"SELL","o":"LIMIT","f":"GTC","q":"3","p":"2.38500","ap":"0","sp":"0","x":"NEW","X":"NEW","i":953243889,"l":"0","z":"0","L":"0","T":1622134840514,"t":0,"b":"0","a":"193.33110","m":false,"R":true,"wt":"CONTRACT_PRICE","ot":"LIMIT","ps":"LONG","cp":false,"rp":"0","pP":false,"si":0,"ss":0}}
19:00:40.602   [S1] 19:00:40.602  {"e":"ORDER_TRADE_UPDATE","T":1622134840529,"E":1622134840534,"o":{"s":"BELUSDT","c":"x-yIXKfZTSS4Hh5j4H1HoTNduNprVs4","S":"SELL","o":"LIMIT","f":"GTC","q":"3","p":"2.38480","ap":"0","sp":"0","x":"NEW","X":"NEW","i":953243891,"l":"0","z":"0","L":"0","T":1622134840529,"t":0,"b":"0","a":"200.48550","m":false,"R":true,"wt":"CONTRACT_PRICE","ot":"LIMIT","ps":"LONG","cp":false,"rp":"0","pP":false,"si":0,"ss":0}}
19:00:40.743   [S1] 19:00:40.743  {"e":"ORDER_TRADE_UPDATE","T":1622134840672,"E":1622134840677,"o":{"s":"BELUSDT","c":"x-yIXKfZTSMN2IQPlWrkRKubF6x5XXz","S":"BUY","o":"LIMIT","f":"GTC","q":"3","p":"2.31810","ap":"0","sp":"0","x":"NEW","X":"NEW","i":953243904,"l":"0","z":"0","L":"0","T":1622134840672,"t":0,"b":"0","a":"200.48550","m":false,"R":false,"wt":"CONTRACT_PRICE","ot":"LIMIT","ps":"LONG","cp":false,"rp":"0","pP":false,"si":0,"ss":0}}
19:00:40.744   [S1] 19:00:40.744  {"e":"ORDER_TRADE_UPDATE","T":1622134840672,"E":1622134840677,"o":{"s":"BELUSDT","c":"x-yIXKfZTSMN2IQPlWrkRKubF6x5XXz","S":"BUY","o":"LIMIT","f":"GTC","q":"3","p":"2.31810","ap":"2.31160","sp":"0","x":"TRADE","X":"FILLED","i":953243904,"l":"3","z":"3","L":"2.31160","n":"0.00277392","N":"USDT","T":1622134840672,"t":22789998,"b":"0","a":"200.48550","m":false,"R":false,"wt":"CONTRACT_PRICE","ot":"LIMIT","ps":"LONG","cp":false,"rp":"0","pP":false,"si":0,"ss":0}}
19:00:40.770   [S1] 19:00:40.770  {"e":"ORDER_TRADE_UPDATE","T":1622134840675,"E":1622134840679,"o":{"s":"BELUSDT","c":"x-yIXKfZTSM4fqpUsjDLs3dz4vBIJbI","S":"BUY","o":"LIMIT","f":"GTC","q":"3","p":"2.32270","ap":"0","sp":"0","x":"NEW","X":"NEW","i":953243905,"l":"0","z":"0","L":"0","T":1622134840675,"t":0,"b":"0","a":"200.48550","m":false,"R":false,"wt":"CONTRACT_PRICE","ot":"LIMIT","ps":"LONG","cp":false,"rp":"0","pP":false,"si":0,"ss":0}}
19:00:40.770   [S1] 19:00:40.770  {"e":"ORDER_TRADE_UPDATE","T":1622134840675,"E":1622134840680,"o":{"s":"BELUSDT","c":"x-yIXKfZTSM4fqpUsjDLs3dz4vBIJbI","S":"BUY","o":"LIMIT","f":"GTC","q":"3","p":"2.32270","ap":"2.31160","sp":"0","x":"TRADE","X":"FILLED","i":953243905,"l":"3","z":"3","L":"2.31160","n":"0.00277392","N":"USDT","T":1622134840675,"t":22789999,"b":"0","a":"200.48550","m":false,"R":false,"wt":"CONTRACT_PRICE","ot":"LIMIT","ps":"LONG","cp":false,"rp":"0","pP":false,"si":0,"ss":0}}
19:00:40.771   [S1] 19:00:40.771  {"e":"ORDER_TRADE_UPDATE","T":1622134840700,"E":1622134840705,"o":{"s":"BELUSDT","c":"x-yIXKfZTSMJLr9u5hlAoSrp1m5g5Wp","S":"BUY","o":"LIMIT","f":"GTC","q":"3","p":"2.31580","ap":"0","sp":"0","x":"NEW","X":"NEW","i":953243909,"l":"0","z":"0","L":"0","T":1622134840700,"t":0,"b":"0","a":"200.48550","m":false,"R":false,"wt":"CONTRACT_PRICE","ot":"LIMIT","ps":"LONG","cp":false,"rp":"0","pP":false,"si":0,"ss":0}}
19:00:40.771   [S1] 19:00:40.771  {"e":"ORDER_TRADE_UPDATE","T":1622134840700,"E":1622134840705,"o":{"s":"BELUSDT","c":"x-yIXKfZTSMJLr9u5hlAoSrp1m5g5Wp","S":"BUY","o":"LIMIT","f":"GTC","q":"3","p":"2.31580","ap":"2.31160","sp":"0","x":"TRADE","X":"FILLED","i":953243909,"l":"3","z":"3","L":"2.31160","n":"0.00277392","N":"USDT","T":1622134840700,"t":22790000,"b":"0","a":"200.48550","m":false,"R":false,"wt":"CONTRACT_PRICE","ot":"LIMIT","ps":"LONG","cp":false,"rp":"0","pP":false,"si":0,"ss":0}}
19:00:40.789   [S1] 19:00:40.789  {"e":"ORDER_TRADE_UPDATE","T":1622134840718,"E":1622134840723,"o":{"s":"BELUSDT","c":"x-yIXKfZTSMTrsxB9ZXKEjhwCQ6Fnpy","S":"BUY","o":"LIMIT","f":"GTC","q":"3","p":"2.32040","ap":"0","sp":"0","x":"NEW","X":"NEW","i":953243913,"l":"0","z":"0","L":"0","T":1622134840718,"t":0,"b":"0","a":"200.48550","m":false,"R":false,"wt":"CONTRACT_PRICE","ot":"LIMIT","ps":"LONG","cp":false,"rp":"0","pP":false,"si":0,"ss":0}}
19:00:40.790   [S1] 19:00:40.790  {"e":"ORDER_TRADE_UPDATE","T":1622134840718,"E":1622134840723,"o":{"s":"BELUSDT","c":"x-yIXKfZTSMTrsxB9ZXKEjhwCQ6Fnpy","S":"BUY","o":"LIMIT","f":"GTC","q":"3","p":"2.32040","ap":"2.31160","sp":"0","x":"TRADE","X":"FILLED","i":953243913,"l":"3","z":"3","L":"2.31160","n":"0.00277392","N":"USDT","T":1622134840718,"t":22790001,"b":"0","a":"200.48550","m":false,"R":false,"wt":"CONTRACT_PRICE","ot":"LIMIT","ps":"LONG","cp":false,"rp":"0","pP":false,"si":0,"ss":0}}
19:00:41.068   [S1] 19:00:41.068  {"e":"ORDER_TRADE_UPDATE","T":1622134840996,"E":1622134841002,"o":{"s":"BELUSDT","c":"x-yIXKfZTSMy8SIpRlPUT34Lsx9nwYH","S":"BUY","o":"LIMIT","f":"GTC","q":"3","p":"2.31580","ap":"0","sp":"0","x":"NEW","X":"NEW","i":953243922,"l":"0","z":"0","L":"0","T":1622134840996,"t":0,"b":"0","a":"200.48550","m":false,"R":false,"wt":"CONTRACT_PRICE","ot":"LIMIT","ps":"LONG","cp":false,"rp":"0","pP":false,"si":0,"ss":0}}
19:00:41.069   [S1] 19:00:41.069  {"e":"ORDER_TRADE_UPDATE","T":1622134840996,"E":1622134841002,"o":{"s":"BELUSDT","c":"x-yIXKfZTSMy8SIpRlPUT34Lsx9nwYH","S":"BUY","o":"LIMIT","f":"GTC","q":"3","p":"2.31580","ap":"2.31160","sp":"0","x":"TRADE","X":"FILLED","i":953243922,"l":"3","z":"3","L":"2.31160","n":"0.00277392","N":"USDT","T":1622134840996,"t":22790003,"b":"0","a":"200.48550","m":false,"R":false,"wt":"CONTRACT_PRICE","ot":"LIMIT","ps":"LONG","cp":false,"rp":"0","pP":false,"si":0,"ss":0}}
19:00:41.075   [S1] 19:00:41.075  {"e":"ORDER_TRADE_UPDATE","T":1622134841003,"E":1622134841009,"o":{"s":"BELUSDT","c":"x-yIXKfZTSM6C6ulJZ9XEfaPDJ3iMGL","S":"BUY","o":"LIMIT","f":"GTC","q":"3","p":"2.32270","ap":"0","sp":"0","x":"NEW","X":"NEW","i":953243923,"l":"0","z":"0","L":"0","T":1622134841003,"t":0,"b":"0","a":"200.48550","m":false,"R":false,"wt":"CONTRACT_PRICE","ot":"LIMIT","ps":"LONG","cp":false,"rp":"0","pP":false,"si":0,"ss":0}}
19:00:41.086   [S1] 19:00:41.086  {"e":"ORDER_TRADE_UPDATE","T":1622134841003,"E":1622134841009,"o":{"s":"BELUSDT","c":"x-yIXKfZTSM6C6ulJZ9XEfaPDJ3iMGL","S":"BUY","o":"LIMIT","f":"GTC","q":"3","p":"2.32270","ap":"2.31160","sp":"0","x":"TRADE","X":"FILLED","i":953243923,"l":"3","z":"3","L":"2.31160","n":"0.00277392","N":"USDT","T":1622134841003,"t":22790004,"b":"0","a":"200.48550","m":false,"R":false,"wt":"CONTRACT_PRICE","ot":"LIMIT","ps":"LONG","cp":false,"rp":"0","pP":false,"si":0,"ss":0}}
19:00:41.086   [S1] 19:00:41.086  {"e":"ORDER_TRADE_UPDATE","T":1622134841012,"E":1622134841016,"o":{"s":"BELUSDT","c":"x-yIXKfZTSMqwDieuAX7pHFwNxCdFDg","S":"BUY","o":"LIMIT","f":"GTC","q":"3","p":"2.32040","ap":"0","sp":"0","x":"NEW","X":"NEW","i":953243924,"l":"0","z":"0","L":"0","T":1622134841012,"t":0,"b":"0","a":"200.48550","m":false,"R":false,"wt":"CONTRACT_PRICE","ot":"LIMIT","ps":"LONG","cp":false,"rp":"0","pP":false,"si":0,"ss":0}}
19:00:41.086   [S1] 19:00:41.086  {"e":"ORDER_TRADE_UPDATE","T":1622134841012,"E":1622134841016,"o":{"s":"BELUSDT","c":"x-yIXKfZTSMqwDieuAX7pHFwNxCdFDg","S":"BUY","o":"LIMIT","f":"GTC","q":"3","p":"2.32040","ap":"2.31160","sp":"0","x":"TRADE","X":"FILLED","i":953243924,"l":"3","z":"3","L":"2.31160","n":"0.00277392","N":"USDT","T":1622134841012,"t":22790005,"b":"0","a":"200.48550","m":false,"R":false,"wt":"CONTRACT_PRICE","ot":"LIMIT","ps":"LONG","cp":false,"rp":"0","pP":false,"si":0,"ss":0}}
19:00:41.192   [S1] 19:00:41.192  {"e":"ORDER_TRADE_UPDATE","T":1622134841113,"E":1622134841118,"o":{"s":"BELUSDT","c":"x-yIXKfZTSM10r1N2Fmng16U8O2jcnT","S":"BUY","o":"LIMIT","f":"GTC","q":"3","p":"2.31810","ap":"0","sp":"0","x":"NEW","X":"NEW","i":953243930,"l":"0","z":"0","L":"0","T":1622134841113,"t":0,"b":"0","a":"200.48550","m":false,"R":false,"wt":"CONTRACT_PRICE","ot":"LIMIT","ps":"LONG","cp":false,"rp":"0","pP":false,"si":0,"ss":0}}
19:00:41.192   [S1] 19:00:41.192  {"e":"ORDER_TRADE_UPDATE","T":1622134841113,"E":1622134841118,"o":{"s":"BELUSDT","c":"x-yIXKfZTSM10r1N2Fmng16U8O2jcnT","S":"BUY","o":"LIMIT","f":"GTC","q":"3","p":"2.31810","ap":"2.31160","sp":"0","x":"TRADE","X":"FILLED","i":953243930,"l":"3","z":"3","L":"2.31160","n":"0.00277392","N":"USDT","T":1622134841113,"t":22790006,"b":"0","a":"200.48550","m":false,"R":false,"wt":"CONTRACT_PRICE","ot":"LIMIT","ps":"LONG","cp":false,"rp":"0","pP":false,"si":0,"ss":0}}
19:00:41.327   [S1] 19:00:41.327  {"e":"ORDER_TRADE_UPDATE","T":1622134841254,"E":1622134841261,"o":{"s":"BELUSDT","c":"x-yIXKfZTSSG56SlmgMBx5kR2UxNB9X","S":"SELL","o":"LIMIT","f":"GTC","q":"3","p":"2.38500","ap":"0","sp":"0","x":"NEW","X":"NEW","i":953243942,"l":"0","z":"0","L":"0","T":1622134841254,"t":0,"b":"0","a":"207.64050","m":false,"R":true,"wt":"CONTRACT_PRICE","ot":"LIMIT","ps":"LONG","cp":false,"rp":"0","pP":false,"si":0,"ss":0}}
19:00:41.338   [S1] 19:00:41.338  {"e":"ORDER_TRADE_UPDATE","T":1622134841266,"E":1622134841272,"o":{"s":"BELUSDT","c":"x-yIXKfZTSS0q3j8XfuT4wTZ9uHWY7l","S":"SELL","o":"LIMIT","f":"GTC","q":"3","p":"2.38500","ap":"0","sp":"0","x":"NEW","X":"NEW","i":953243946,"l":"0","z":"0","L":"0","T":1622134841266,"t":0,"b":"0","a":"214.79550","m":false,"R":true,"wt":"CONTRACT_PRICE","ot":"LIMIT","ps":"LONG","cp":false,"rp":"0","pP":false,"si":0,"ss":0}}
19:00:41.402   [S1] 19:00:41.402  {"e":"ORDER_TRADE_UPDATE","T":1622134841312,"E":1622134841316,"o":{"s":"BELUSDT","c":"x-yIXKfZTSSjyOP2ObgnBB9br6JxQoV","S":"SELL","o":"LIMIT","f":"GTC","q":"3","p":"2.38500","ap":"0","sp":"0","x":"NEW","X":"NEW","i":953243949,"l":"0","z":"0","L":"0","T":1622134841312,"t":0,"b":"0","a":"221.95050","m":false,"R":true,"wt":"CONTRACT_PRICE","ot":"LIMIT","ps":"LONG","cp":false,"rp":"0","pP":false,"si":0,"ss":0}}
19:00:41.402   [S1] 19:00:41.402  {"e":"ORDER_TRADE_UPDATE","T":1622134841329,"E":1622134841335,"o":{"s":"BELUSDT","c":"x-yIXKfZTSSyYHGPiZ1XpIjPX0qYq0q","S":"SELL","o":"LIMIT","f":"GTC","q":"3","p":"2.38500","ap":"0","sp":"0","x":"NEW","X":"NEW","i":953243950,"l":"0","z":"0","L":"0","T":1622134841329,"t":0,"b":"0","a":"229.10550","m":false,"R":true,"wt":"CONTRACT_PRICE","ot":"LIMIT","ps":"LONG","cp":false,"rp":"0","pP":false,"si":0,"ss":0}}
19:00:41.552   [S1] 19:00:41.552  {"e":"ORDER_TRADE_UPDATE","T":1622134841480,"E":1622134841485,"o":{"s":"BELUSDT","c":"x-yIXKfZTSMyW60nnTBfRcIJIwV5z2O","S":"BUY","o":"LIMIT","f":"GTC","q":"3","p":"2.31810","ap":"0","sp":"0","x":"NEW","X":"NEW","i":953243960,"l":"0","z":"0","L":"0","T":1622134841480,"t":0,"b":"0","a":"229.10550","m":false,"R":false,"wt":"CONTRACT_PRICE","ot":"LIMIT","ps":"LONG","cp":false,"rp":"0","pP":false,"si":0,"ss":0}}
19:00:41.552   [S1] 19:00:41.552  {"e":"ORDER_TRADE_UPDATE","T":1622134841480,"E":1622134841485,"o":{"s":"BELUSDT","c":"x-yIXKfZTSMyW60nnTBfRcIJIwV5z2O","S":"BUY","o":"LIMIT","f":"GTC","q":"3","p":"2.31810","ap":"2.31150","sp":"0","x":"TRADE","X":"FILLED","i":953243960,"l":"3","z":"3","L":"2.31150","n":"0.00277380","N":"USDT","T":1622134841480,"t":22790010,"b":"0","a":"229.10550","m":false,"R":false,"wt":"CONTRACT_PRICE","ot":"LIMIT","ps":"LONG","cp":false,"rp":"0","pP":false,"si":0,"ss":0}}
19:00:41.566   [S1] 19:00:41.566  {"e":"ORDER_TRADE_UPDATE","T":1622134841495,"E":1622134841500,"o":{"s":"BELUSDT","c":"x-yIXKfZTSMyn1CTD7YiAQkqHV9SStb","S":"BUY","o":"LIMIT","f":"GTC","q":"3","p":"2.32040","ap":"0","sp":"0","x":"NEW","X":"NEW","i":953243961,"l":"0","z":"0","L":"0","T":1622134841495,"t":0,"b":"0","a":"229.10550","m":false,"R":false,"wt":"CONTRACT_PRICE","ot":"LIMIT","ps":"LONG","cp":false,"rp":"0","pP":false,"si":0,"ss":0}}
19:00:41.566   [S1] 19:00:41.566  {"e":"ORDER_TRADE_UPDATE","T":1622134841495,"E":1622134841500,"o":{"s":"BELUSDT","c":"x-yIXKfZTSMyn1CTD7YiAQkqHV9SStb","S":"BUY","o":"LIMIT","f":"GTC","q":"3","p":"2.32040","ap":"2.31150","sp":"0","x":"TRADE","X":"FILLED","i":953243961,"l":"3","z":"3","L":"2.31150","n":"0.00277380","N":"USDT","T":1622134841495,"t":22790011,"b":"0","a":"229.10550","m":false,"R":false,"wt":"CONTRACT_PRICE","ot":"LIMIT","ps":"LONG","cp":false,"rp":"0","pP":false,"si":0,"ss":0}}
19:00:41.600   [S1] 19:00:41.600  {"e":"ORDER_TRADE_UPDATE","T":1622134841530,"E":1622134841533,"o":{"s":"BELUSDT","c":"x-yIXKfZTSMbt9Zcb1YFSlY4fPPx1qX","S":"BUY","o":"LIMIT","f":"GTC","q":"3","p":"2.31580","ap":"0","sp":"0","x":"NEW","X":"NEW","i":953243962,"l":"0","z":"0","L":"0","T":1622134841530,"t":0,"b":"0","a":"229.10550","m":false,"R":false,"wt":"CONTRACT_PRICE","ot":"LIMIT","ps":"LONG","cp":false,"rp":"0","pP":false,"si":0,"ss":0}}
19:00:41.601   [S1] 19:00:41.601  {"e":"ORDER_TRADE_UPDATE","T":1622134841530,"E":1622134841535,"o":{"s":"BELUSDT","c":"x-yIXKfZTSMbt9Zcb1YFSlY4fPPx1qX","S":"BUY","o":"LIMIT","f":"GTC","q":"3","p":"2.31580","ap":"2.31150","sp":"0","x":"TRADE","X":"FILLED","i":953243962,"l":"3","z":"3","L":"2.31150","n":"0.00277380","N":"USDT","T":1622134841530,"t":22790012,"b":"0","a":"229.10550","m":false,"R":false,"wt":"CONTRACT_PRICE","ot":"LIMIT","ps":"LONG","cp":false,"rp":"0","pP":false,"si":0,"ss":0}}
19:00:41.658   [S1] 19:00:41.658  {"e":"ORDER_TRADE_UPDATE","T":1622134841584,"E":1622134841589,"o":{"s":"BELUSDT","c":"x-yIXKfZTSMPNMaAbU7acqjRUDr7pxJ","S":"BUY","o":"LIMIT","f":"GTC","q":"3","p":"2.32270","ap":"0","sp":"0","x":"NEW","X":"NEW","i":953243964,"l":"0","z":"0","L":"0","T":1622134841584,"t":0,"b":"0","a":"229.10550","m":false,"R":false,"wt":"CONTRACT_PRICE","ot":"LIMIT","ps":"LONG","cp":false,"rp":"0","pP":false,"si":0,"ss":0}}
19:00:41.658   [S1] 19:00:41.658  {"e":"ORDER_TRADE_UPDATE","T":1622134841584,"E":1622134841589,"o":{"s":"BELUSDT","c":"x-yIXKfZTSMPNMaAbU7acqjRUDr7pxJ","S":"BUY","o":"LIMIT","f":"GTC","q":"3","p":"2.32270","ap":"2.31150","sp":"0","x":"TRADE","X":"FILLED","i":953243964,"l":"3","z":"3","L":"2.31150","n":"0.00277380","N":"USDT","T":1622134841584,"t":22790013,"b":"0","a":"229.10550","m":false,"R":false,"wt":"CONTRACT_PRICE","ot":"LIMIT","ps":"LONG","cp":false,"rp":"0","pP":false,"si":0,"ss":0}}
19:00:41.710   [S1] 19:00:41.710  {"e":"ORDER_TRADE_UPDATE","T":1622134841622,"E":1622134841629,"o":{"s":"BELUSDT","c":"x-yIXKfZTSShXJsefvUApuIb9m4BBZG","S":"SELL","o":"LIMIT","f":"GTC","q":"3","p":"2.38500","ap":"0","sp":"0","x":"NEW","X":"NEW","i":953243965,"l":"0","z":"0","L":"0","T":1622134841622,"t":0,"b":"0","a":"236.26050","m":false,"R":true,"wt":"CONTRACT_PRICE","ot":"LIMIT","ps":"LONG","cp":false,"rp":"0","pP":false,"si":0,"ss":0}}
19:00:41.713   [S1] 19:00:41.713  {"e":"ORDER_TRADE_UPDATE","T":1622134841634,"E":1622134841640,"o":{"s":"BELUSDT","c":"x-yIXKfZTSSEOP5vhqA6Wn1sZd2ihuL","S":"SELL","o":"LIMIT","f":"GTC","q":"3","p":"2.38500","ap":"0","sp":"0","x":"NEW","X":"NEW","i":953243966,"l":"0","z":"0","L":"0","T":1622134841634,"t":0,"b":"0","a":"243.41550","m":false,"R":true,"wt":"CONTRACT_PRICE","ot":"LIMIT","ps":"LONG","cp":false,"rp":"0","pP":false,"si":0,"ss":0}}
19:00:41.725   [S1] 19:00:41.725  {"e":"ORDER_TRADE_UPDATE","T":1622134841652,"E":1622134841656,"o":{"s":"BELUSDT","c":"x-yIXKfZTSSmfo4HQMYp691fDGhXGUv","S":"SELL","o":"LIMIT","f":"GTC","q":"3","p":"2.38500","ap":"0","sp":"0","x":"NEW","X":"NEW","i":953243967,"l":"0","z":"0","L":"0","T":1622134841652,"t":0,"b":"0","a":"250.57050","m":false,"R":true,"wt":"CONTRACT_PRICE","ot":"LIMIT","ps":"LONG","cp":false,"rp":"0","pP":false,"si":0,"ss":0}}
19:00:41.816   [S1] 19:00:41.816  {"e":"ORDER_TRADE_UPDATE","T":1622134841744,"E":1622134841748,"o":{"s":"BELUSDT","c":"x-yIXKfZTSSpUCISpztvkmM0fuypRuA","S":"SELL","o":"LIMIT","f":"GTC","q":"3","p":"2.38500","ap":"0","sp":"0","x":"NEW","X":"NEW","i":953243978,"l":"0","z":"0","L":"0","T":1622134841744,"t":0,"b":"0","a":"257.72550","m":false,"R":true,"wt":"CONTRACT_PRICE","ot":"LIMIT","ps":"LONG","cp":false,"rp":"0","pP":false,"si":0,"ss":0}}
19:00:42.272   [S1] 19:00:42.272  {"e":"ORDER_TRADE_UPDATE","T":1622134842186,"E":1622134842188,"o":{"s":"BELUSDT","c":"x-yIXKfZTSSXuePV8dRK0GhTbPaSVRV","S":"SELL","o":"LIMIT","f":"GTC","q":"3","p":"2.38480","ap":"0","sp":"0","x":"NEW","X":"NEW","i":953244026,"l":"0","z":"0","L":"0","T":1622134842186,"t":0,"b":"0","a":"264.87990","m":false,"R":true,"wt":"CONTRACT_PRICE","ot":"LIMIT","ps":"LONG","cp":false,"rp":"0","pP":false,"si":0,"ss":0}}
19:00:42.287   [S1] 19:00:42.272  {"e":"ORDER_TRADE_UPDATE","T":1622134842192,"E":1622134842195,"o":{"s":"BELUSDT","c":"x-yIXKfZTSSKbOKfGKOey3Un0L5arOg","S":"SELL","o":"LIMIT","f":"GTC","q":"3","p":"2.38480","ap":"0","sp":"0","x":"NEW","X":"NEW","i":953244030,"l":"0","z":"0","L":"0","T":1622134842192,"t":0,"b":"0","a":"272.03430","m":false,"R":true,"wt":"CONTRACT_PRICE","ot":"LIMIT","ps":"LONG","cp":false,"rp":"0","pP":false,"si":0,"ss":0}}
19:00:42.317   [S1] 19:00:42.317  {"e":"ORDER_TRADE_UPDATE","T":1622134842222,"E":1622134842226,"o":{"s":"BELUSDT","c":"x-yIXKfZTSSq1ytBKs4rp8udr1s7gB9","S":"SELL","o":"LIMIT","f":"GTC","q":"3","p":"2.38480","ap":"0","sp":"0","x":"NEW","X":"NEW","i":953244036,"l":"0","z":"0","L":"0","T":1622134842222,"t":0,"b":"0","a":"279.18870","m":false,"R":true,"wt":"CONTRACT_PRICE","ot":"LIMIT","ps":"LONG","cp":false,"rp":"0","pP":false,"si":0,"ss":0}}
19:00:42.472   [S1] 19:00:42.472  {"e":"ORDER_TRADE_UPDATE","T":1622134842398,"E":1622134842404,"o":{"s":"BELUSDT","c":"x-yIXKfZTSSt8fwTLg6uwCRm9oI8NKi","S":"SELL","o":"LIMIT","f":"GTC","q":"3","p":"2.38480","ap":"0","sp":"0","x":"NEW","X":"NEW","i":953244061,"l":"0","z":"0","L":"0","T":1622134842398,"t":0,"b":"0","a":"286.34310","m":false,"R":true,"wt":"CONTRACT_PRICE","ot":"LIMIT","ps":"LONG","cp":false,"rp":"0","pP":false,"si":0,"ss":0}}
19:00:45.031   [S1] 19:00:45.031  {"e":"ORDER_TRADE_UPDATE","T":1622134844961,"E":1622134844966,"o":{"s":"BELUSDT","c":"x-yIXKfZTSMiBeCmjkHNGv3Pl7O1k0v","S":"BUY","o":"LIMIT","f":"GTC","q":"3","p":"2.31850","ap":"0","sp":"0","x":"NEW","X":"NEW","i":953244264,"l":"0","z":"0","L":"0","T":1622134844961,"t":0,"b":"0","a":"286.34310","m":false,"R":false,"wt":"CONTRACT_PRICE","ot":"LIMIT","ps":"LONG","cp":false,"rp":"0","pP":false,"si":0,"ss":0}}
19:00:45.031   [S1] 19:00:45.031  {"e":"ORDER_TRADE_UPDATE","T":1622134844961,"E":1622134844966,"o":{"s":"BELUSDT","c":"x-yIXKfZTSMiBeCmjkHNGv3Pl7O1k0v","S":"BUY","o":"LIMIT","f":"GTC","q":"3","p":"2.31850","ap":"2.31160","sp":"0","x":"TRADE","X":"FILLED","i":953244264,"l":"3","z":"3","L":"2.31160","n":"0.00277392","N":"USDT","T":1622134844961,"t":22790036,"b":"0","a":"286.34310","m":false,"R":false,"wt":"CONTRACT_PRICE","ot":"LIMIT","ps":"LONG","cp":false,"rp":"0","pP":false,"si":0,"ss":0}}
19:00:45.047   [S1] 19:00:45.047  {"e":"ORDER_TRADE_UPDATE","T":1622134844976,"E":1622134844981,"o":{"s":"BELUSDT","c":"x-yIXKfZTSMQvj7M1GfOypBrXC9UM8O","S":"BUY","o":"LIMIT","f":"GTC","q":"3","p":"2.31620","ap":"0","sp":"0","x":"NEW","X":"NEW","i":953244266,"l":"0","z":"0","L":"0","T":1622134844976,"t":0,"b":"0","a":"286.34310","m":false,"R":false,"wt":"CONTRACT_PRICE","ot":"LIMIT","ps":"LONG","cp":false,"rp":"0","pP":false,"si":0,"ss":0}}
19:00:45.048   [S1] 19:00:45.048  {"e":"ORDER_TRADE_UPDATE","T":1622134844976,"E":1622134844981,"o":{"s":"BELUSDT","c":"x-yIXKfZTSMQvj7M1GfOypBrXC9UM8O","S":"BUY","o":"LIMIT","f":"GTC","q":"3","p":"2.31620","ap":"2.31160","sp":"0","x":"TRADE","X":"FILLED","i":953244266,"l":"3","z":"3","L":"2.31160","n":"0.00277392","N":"USDT","T":1622134844976,"t":22790037,"b":"0","a":"286.34310","m":false,"R":false,"wt":"CONTRACT_PRICE","ot":"LIMIT","ps":"LONG","cp":false,"rp":"0","pP":false,"si":0,"ss":0}}
19:00:45.057   [S1] 19:00:45.057  {"e":"ORDER_TRADE_UPDATE","T":1622134844985,"E":1622134844991,"o":{"s":"BELUSDT","c":"x-yIXKfZTSM2KGvlRUmy4QDPfoUNDKe","S":"BUY","o":"LIMIT","f":"GTC","q":"3","p":"2.32320","ap":"0","sp":"0","x":"NEW","X":"NEW","i":953244267,"l":"0","z":"0","L":"0","T":1622134844985,"t":0,"b":"0","a":"286.34310","m":false,"R":false,"wt":"CONTRACT_PRICE","ot":"LIMIT","ps":"LONG","cp":false,"rp":"0","pP":false,"si":0,"ss":0}}
19:00:45.058   [S1] 19:00:45.058  {"e":"ORDER_TRADE_UPDATE","T":1622134844985,"E":1622134844991,"o":{"s":"BELUSDT","c":"x-yIXKfZTSM2KGvlRUmy4QDPfoUNDKe","S":"BUY","o":"LIMIT","f":"GTC","q":"3","p":"2.32320","ap":"2.31160","sp":"0","x":"TRADE","X":"FILLED","i":953244267,"l":"3","z":"3","L":"2.31160","n":"0.00277392","N":"USDT","T":1622134844985,"t":22790038,"b":"0","a":"286.34310","m":false,"R":false,"wt":"CONTRACT_PRICE","ot":"LIMIT","ps":"LONG","cp":false,"rp":"0","pP":false,"si":0,"ss":0}}
19:00:45.063   [S1] 19:00:45.063  {"e":"ORDER_TRADE_UPDATE","T":1622134844993,"E":1622134844998,"o":{"s":"BELUSDT","c":"x-yIXKfZTSM0u6uVNWc1VvOhuSek1hb","S":"BUY","o":"LIMIT","f":"GTC","q":"3","p":"2.32080","ap":"0","sp":"0","x":"NEW","X":"NEW","i":953244268,"l":"0","z":"0","L":"0","T":1622134844993,"t":0,"b":"0","a":"286.34310","m":false,"R":false,"wt":"CONTRACT_PRICE","ot":"LIMIT","ps":"LONG","cp":false,"rp":"0","pP":false,"si":0,"ss":0}}
19:00:45.063   [S1] 19:00:45.063  {"e":"ORDER_TRADE_UPDATE","T":1622134844993,"E":1622134844998,"o":{"s":"BELUSDT","c":"x-yIXKfZTSM0u6uVNWc1VvOhuSek1hb","S":"BUY","o":"LIMIT","f":"GTC","q":"3","p":"2.32080","ap":"2.31160","sp":"0","x":"TRADE","X":"FILLED","i":953244268,"l":"3","z":"3","L":"2.31160","n":"0.00277392","N":"USDT","T":1622134844993,"t":22790039,"b":"0","a":"286.34310","m":false,"R":false,"wt":"CONTRACT_PRICE","ot":"LIMIT","ps":"LONG","cp":false,"rp":"0","pP":false,"si":0,"ss":0}}
19:00:45.625   [S1] 19:00:45.625  {"e":"ORDER_TRADE_UPDATE","T":1622134845552,"E":1622134845556,"o":{"s":"BELUSDT","c":"x-yIXKfZTSSHmrWY68ikpWN37IMPlF8","S":"SELL","o":"LIMIT","f":"GTC","q":"3","p":"2.38720","ap":"0","sp":"0","x":"NEW","X":"NEW","i":953244300,"l":"0","z":"0","L":"0","T":1622134845552,"t":0,"b":"0","a":"293.50470","m":false,"R":true,"wt":"CONTRACT_PRICE","ot":"LIMIT","ps":"LONG","cp":false,"rp":"0","pP":false,"si":0,"ss":0}}
19:00:45.636   [S1] 19:00:45.636  {"e":"ORDER_TRADE_UPDATE","T":1622134845564,"E":1622134845570,"o":{"s":"BELUSDT","c":"x-yIXKfZTSSr2AXSKCB6q1ndoL3uVNF","S":"SELL","o":"LIMIT","f":"GTC","q":"3","p":"2.38720","ap":"0","sp":"0","x":"NEW","X":"NEW","i":953244301,"l":"0","z":"0","L":"0","T":1622134845564,"t":0,"b":"0","a":"300.66630","m":false,"R":true,"wt":"CONTRACT_PRICE","ot":"LIMIT","ps":"LONG","cp":false,"rp":"0","pP":false,"si":0,"ss":0}}
19:00:45.641   [S1] 19:00:45.641  {"e":"ORDER_TRADE_UPDATE","T":1622134845569,"E":1622134845575,"o":{"s":"BELUSDT","c":"x-yIXKfZTSS25T5m87XTBzNbO5p77nt","S":"SELL","o":"LIMIT","f":"GTC","q":"3","p":"2.38720","ap":"0","sp":"0","x":"NEW","X":"NEW","i":953244303,"l":"0","z":"0","L":"0","T":1622134845569,"t":0,"b":"0","a":"307.82790","m":false,"R":true,"wt":"CONTRACT_PRICE","ot":"LIMIT","ps":"LONG","cp":false,"rp":"0","pP":false,"si":0,"ss":0}}
19:00:45.684   [S1] 19:00:45.684  {"e":"ORDER_TRADE_UPDATE","T":1622134845604,"E":1622134845611,"o":{"s":"BELUSDT","c":"x-yIXKfZTSS9QeaKA5QcOmqUnfATGzn","S":"SELL","o":"LIMIT","f":"GTC","q":"3","p":"2.38720","ap":"0","sp":"0","x":"NEW","X":"NEW","i":953244304,"l":"0","z":"0","L":"0","T":1622134845604,"t":0,"b":"0","a":"314.98950","m":false,"R":true,"wt":"CONTRACT_PRICE","ot":"LIMIT","ps":"LONG","cp":false,"rp":"0","pP":false,"si":0,"ss":0}}
19:01:11.026   [S1] 19:01:11.026  {"e":"ORDER_TRADE_UPDATE","T":1622134870942,"E":1622134870947,"o":{"s":"BELUSDT","c":"x-yIXKfZTSS0bL9vHQAzsL9ImRt2Hq5","S":"SELL","o":"LIMIT","f":"GTC","q":"3","p":"2.40350","ap":"0","sp":"0","x":"CANCELED","X":"CANCELED","i":953249089,"l":"0","z":"0","L":"0","T":1622134870942,"t":0,"b":"55.70519","a":"93.80399","m":false,"R":true,"wt":"CONTRACT_PRICE","ot":"LIMIT","ps":"LONG","cp":false,"rp":"0","pP":false,"si":0,"ss":0}}
19:01:11.026   [S1] 19:01:11.026  {"e":"ORDER_TRADE_UPDATE","T":1622134870948,"E":1622134870953,"o":{"s":"BELUSDT","c":"x-yIXKfZTSSzqRDsDA9pHRG7cZIVwef","S":"SELL","o":"LIMIT","f":"GTC","q":"3","p":"2.40810","ap":"0","sp":"0","x":"CANCELED","X":"CANCELED","i":953248058,"l":"0","z":"0","L":"0","T":1622134870948,"t":0,"b":"55.70519","a":"86.57969","m":false,"R":true,"wt":"CONTRACT_PRICE","ot":"LIMIT","ps":"LONG","cp":false,"rp":"0","pP":false,"si":0,"ss":0}}
19:01:11.029   [S1] 19:01:11.029  {"e":"ORDER_TRADE_UPDATE","T":1622134870959,"E":1622134870963,"o":{"s":"BELUSDT","c":"x-yIXKfZTSSvaLIujAwuy7suSlKVgLq","S":"SELL","o":"LIMIT","f":"GTC","q":"3","p":"2.40990","ap":"0","sp":"0","x":"CANCELED","X":"CANCELED","i":953248070,"l":"0","z":"0","L":"0","T":1622134870959,"t":0,"b":"55.70519","a":"79.34999","m":false,"R":true,"wt":"CONTRACT_PRICE","ot":"LIMIT","ps":"LONG","cp":false,"rp":"0","pP":false,"si":0,"ss":0}}
19:01:11.029   [S1] 19:01:11.029  {"e":"ORDER_TRADE_UPDATE","T":1622134870959,"E":1622134870963,"o":{"s":"BELUSDT","c":"x-yIXKfZTSSQaCJpD92JxzcFgj9kP87","S":"SELL","o":"LIMIT","f":"GTC","q":"3","p":"2.40990","ap":"0","sp":"0","x":"CANCELED","X":"CANCELED","i":953248069,"l":"0","z":"0","L":"0","T":1622134870959,"t":0,"b":"55.70519","a":"72.12029","m":false,"R":true,"wt":"CONTRACT_PRICE","ot":"LIMIT","ps":"LONG","cp":false,"rp":"0","pP":false,"si":0,"ss":0}}
19:01:11.038   [S1] 19:01:11.038  {"e":"ORDER_TRADE_UPDATE","T":1622134870967,"E":1622134870971,"o":{"s":"BELUSDT","c":"x-yIXKfZTSSGzdvdsICJS5pagxbvrHJ","S":"SELL","o":"LIMIT","f":"GTC","q":"3","p":"2.40990","ap":"0","sp":"0","x":"CANCELED","X":"CANCELED","i":953248071,"l":"0","z":"0","L":"0","T":1622134870967,"t":0,"b":"55.70519","a":"64.89059","m":false,"R":true,"wt":"CONTRACT_PRICE","ot":"LIMIT","ps":"LONG","cp":false,"rp":"0","pP":false,"si":0,"ss":0}}
19:01:11.040   [S1] 19:01:11.040  {"e":"ORDER_TRADE_UPDATE","T":1622134870969,"E":1622134870973,"o":{"s":"BELUSDT","c":"x-yIXKfZTSSaOH6mOjvfT7U2YRm15wk","S":"SELL","o":"LIMIT","f":"GTC","q":"3","p":"2.39930","ap":"0","sp":"0","x":"CANCELED","X":"CANCELED","i":953249093,"l":"0","z":"0","L":"0","T":1622134870969,"t":0,"b":"55.70519","a":"57.69269","m":false,"R":true,"wt":"CONTRACT_PRICE","ot":"LIMIT","ps":"LONG","cp":false,"rp":"0","pP":false,"si":0,"ss":0}}
19:01:11.048   [S1] 19:01:11.048  {"e":"ORDER_TRADE_UPDATE","T":1622134870977,"E":1622134870982,"o":{"s":"BELUSDT","c":"x-yIXKfZTSSuTeezZfFFa9WqICp2ErN","S":"SELL","o":"LIMIT","f":"GTC","q":"3","p":"2.40520","ap":"0","sp":"0","x":"CANCELED","X":"CANCELED","i":953248611,"l":"0","z":"0","L":"0","T":1622134870977,"t":0,"b":"55.70519","a":"50.47709","m":false,"R":true,"wt":"CONTRACT_PRICE","ot":"LIMIT","ps":"LONG","cp":false,"rp":"0","pP":false,"si":0,"ss":0}}
19:01:11.051   [S1] 19:01:11.051  {"e":"ORDER_TRADE_UPDATE","T":1622134870980,"E":1622134870984,"o":{"s":"BELUSDT","c":"x-yIXKfZTSSsFOjgYTFnxBMIiC7pqRo","S":"SELL","o":"LIMIT","f":"GTC","q":"3","p":"2.40680","ap":"0","sp":"0","x":"CANCELED","X":"CANCELED","i":953248608,"l":"0","z":"0","L":"0","T":1622134870980,"t":0,"b":"55.70519","a":"43.25669","m":false,"R":true,"wt":"CONTRACT_PRICE","ot":"LIMIT","ps":"LONG","cp":false,"rp":"0","pP":false,"si":0,"ss":0}}
19:01:11.052   [S1] 19:01:11.052  {"e":"ORDER_TRADE_UPDATE","T":1622134870983,"E":1622134870987,"o":{"s":"BELUSDT","c":"x-yIXKfZTSSACD1f8B83c6fYvzVfFRz","S":"SELL","o":"LIMIT","f":"GTC","q":"3","p":"2.39930","ap":"0","sp":"0","x":"CANCELED","X":"CANCELED","i":953249094,"l":"0","z":"0","L":"0","T":1622134870983,"t":0,"b":"55.70519","a":"36.05879","m":false,"R":true,"wt":"CONTRACT_PRICE","ot":"LIMIT","ps":"LONG","cp":false,"rp":"0","pP":false,"si":0,"ss":0}}
19:01:11.060   [S1] 19:01:11.060  {"e":"ORDER_TRADE_UPDATE","T":1622134870987,"E":1622134870990,"o":{"s":"BELUSDT","c":"x-yIXKfZTSS21PXYr8CJO415TRMTxkE","S":"SELL","o":"LIMIT","f":"GTC","q":"3","p":"2.40810","ap":"0","sp":"0","x":"CANCELED","X":"CANCELED","i":953248579,"l":"0","z":"0","L":"0","T":1622134870987,"t":0,"b":"55.70519","a":"28.83449","m":false,"R":true,"wt":"CONTRACT_PRICE","ot":"LIMIT","ps":"LONG","cp":false,"rp":"0","pP":false,"si":0,"ss":0}}
19:01:11.298   [S1] 19:01:11.298  {"e":"ORDER_TRADE_UPDATE","T":1622134871004,"E":1622134871008,"o":{"s":"BELUSDT","c":"x-yIXKfZTSSyvxS7isu8dzkRi7BQ0CK","S":"SELL","o":"LIMIT","f":"GTC","q":"3","p":"2.40350","ap":"0","sp":"0","x":"CANCELED","X":"CANCELED","i":953249098,"l":"0","z":"0","L":"0","T":1622134871004,"t":0,"b":"55.70519","a":"21.62399","m":false,"R":true,"wt":"CONTRACT_PRICE","ot":"LIMIT","ps":"LONG","cp":false,"rp":"0","pP":false,"si":0,"ss":0}}
19:01:11.298   [S1] 19:01:11.298  {"e":"ORDER_TRADE_UPDATE","T":1622134871100,"E":1622134871103,"o":{"s":"BELUSDT","c":"x-yIXKfZTSSjTRermmmRhyiTjz4qQDb","S":"SELL","o":"LIMIT","f":"GTC","q":"3","p":"2.40520","ap":"0","sp":"0","x":"CANCELED","X":"CANCELED","i":953249092,"l":"0","z":"0","L":"0","T":1622134871100,"t":0,"b":"55.70519","a":"14.40839","m":false,"R":true,"wt":"CONTRACT_PRICE","ot":"LIMIT","ps":"LONG","cp":false,"rp":"0","pP":false,"si":0,"ss":0}}
19:01:11.299   [S1] 19:01:11.299  {"e":"ORDER_TRADE_UPDATE","T":1622134871116,"E":1622134871123,"o":{"s":"BELUSDT","c":"x-yIXKfZTSS1oHfXesI2B5l1EVVmaJR","S":"SELL","o":"LIMIT","f":"GTC","q":"3","p":"2.39930","ap":"0","sp":"0","x":"CANCELED","X":"CANCELED","i":953249091,"l":"0","z":"0","L":"0","T":1622134871116,"t":0,"b":"55.70519","a":"7.21049","m":false,"R":true,"wt":"CONTRACT_PRICE","ot":"LIMIT","ps":"LONG","cp":false,"rp":"0","pP":false,"si":0,"ss":0}}
19:01:11.594   [S1] 19:01:11.594  {"e":"ORDER_TRADE_UPDATE","T":1622134871517,"E":1622134871523,"o":{"s":"BELUSDT","c":"x-yIXKfZTSSv9CNtl4fK5CIy5NKrwqU","S":"SELL","o":"LIMIT","f":"GTC","q":"3","p":"2.32960","ap":"0","sp":"0","x":"NEW","X":"NEW","i":953249695,"l":"0","z":"0","L":"0","T":1622134871517,"t":0,"b":"55.70519","a":"7.21049","m":false,"R":true,"wt":"CONTRACT_PRICE","ot":"LIMIT","ps":"LONG","cp":false,"rp":"0","pP":false,"si":0,"ss":0}}
19:01:11.594   [S1] 19:01:11.594  {"e":"ORDER_TRADE_UPDATE","T":1622134871517,"E":1622134871523,"o":{"s":"BELUSDT","c":"x-yIXKfZTSSv9CNtl4fK5CIy5NKrwqU","S":"SELL","o":"LIMIT","f":"GTC","q":"3","p":"2.32960","ap":"2.33320","sp":"0","x":"TRADE","X":"FILLED","i":953249695,"l":"3","z":"3","L":"2.33320","n":"0.00279984","N":"USDT","T":1622134871517,"t":22790704,"b":"55.70519","a":"7.21049","m":false,"R":true,"wt":"CONTRACT_PRICE","ot":"LIMIT","ps":"LONG","cp":false,"rp":"0.02415504","pP":false,"si":0,"ss":0}}
19:01:11.594   [S1] 19:01:11.594  {"e":"ORDER_TRADE_UPDATE","T":1622134871517,"E":1622134871523,"o":{"s":"BELUSDT","c":"x-yIXKfZTSSaYEpihjGufNg4gSZ8TbP","S":"SELL","o":"LIMIT","f":"GTC","q":"3","p":"2.32630","ap":"0","sp":"0","x":"NEW","X":"NEW","i":953249696,"l":"0","z":"0","L":"0","T":1622134871517,"t":0,"b":"55.70519","a":"7.21049","m":false,"R":true,"wt":"CONTRACT_PRICE","ot":"LIMIT","ps":"LONG","cp":false,"rp":"0","pP":false,"si":0,"ss":0}}
19:01:11.595   [S1] 19:01:11.595  {"e":"ORDER_TRADE_UPDATE","T":1622134871517,"E":1622134871523,"o":{"s":"BELUSDT","c":"x-yIXKfZTSSaYEpihjGufNg4gSZ8TbP","S":"SELL","o":"LIMIT","f":"GTC","q":"3","p":"2.32630","ap":"2.33320","sp":"0","x":"TRADE","X":"FILLED","i":953249696,"l":"3","z":"3","L":"2.33320","n":"0.00279984","N":"USDT","T":1622134871517,"t":22790705,"b":"55.70519","a":"7.21049","m":false,"R":true,"wt":"CONTRACT_PRICE","ot":"LIMIT","ps":"LONG","cp":false,"rp":"0.02415504","pP":false,"si":0,"ss":0}}
19:01:11.595   [S1] 19:01:11.595  {"e":"ORDER_TRADE_UPDATE","T":1622134871521,"E":1622134871525,"o":{"s":"BELUSDT","c":"x-yIXKfZTSSrkJarnz8HDGRryo0CW8q","S":"SELL","o":"LIMIT","f":"GTC","q":"3","p":"2.32960","ap":"0","sp":"0","x":"NEW","X":"NEW","i":953249697,"l":"0","z":"0","L":"0","T":1622134871521,"t":0,"b":"55.70519","a":"7.21049","m":false,"R":true,"wt":"CONTRACT_PRICE","ot":"LIMIT","ps":"LONG","cp":false,"rp":"0","pP":false,"si":0,"ss":0}}
19:01:11.596   [S1] 19:01:11.596  {"e":"ORDER_TRADE_UPDATE","T":1622134871521,"E":1622134871525,"o":{"s":"BELUSDT","c":"x-yIXKfZTSSrkJarnz8HDGRryo0CW8q","S":"SELL","o":"LIMIT","f":"GTC","q":"3","p":"2.32960","ap":"2.33320","sp":"0","x":"TRADE","X":"FILLED","i":953249697,"l":"3","z":"3","L":"2.33320","n":"0.00279984","N":"USDT","T":1622134871521,"t":22790706,"b":"55.70519","a":"7.21049","m":false,"R":true,"wt":"CONTRACT_PRICE","ot":"LIMIT","ps":"LONG","cp":false,"rp":"0.02415504","pP":false,"si":0,"ss":0}}
19:01:11.601   [S1] 19:01:11.600  {"e":"ORDER_TRADE_UPDATE","T":1622134871526,"E":1622134871531,"o":{"s":"BELUSDT","c":"x-yIXKfZTSSOKx8GbiNKVufYg6uNPT2","S":"SELL","o":"LIMIT","f":"GTC","q":"3","p":"2.32960","ap":"0","sp":"0","x":"NEW","X":"NEW","i":953249700,"l":"0","z":"0","L":"0","T":1622134871526,"t":0,"b":"55.70519","a":"7.21049","m":false,"R":true,"wt":"CONTRACT_PRICE","ot":"LIMIT","ps":"LONG","cp":false,"rp":"0","pP":false,"si":0,"ss":0}}
19:01:11.601   [S1] 19:01:11.601  {"e":"ORDER_TRADE_UPDATE","T":1622134871526,"E":1622134871531,"o":{"s":"BELUSDT","c":"x-yIXKfZTSSOKx8GbiNKVufYg6uNPT2","S":"SELL","o":"LIMIT","f":"GTC","q":"3","p":"2.32960","ap":"2.33320","sp":"0","x":"TRADE","X":"FILLED","i":953249700,"l":"3","z":"3","L":"2.33320","n":"0.00279984","N":"USDT","T":1622134871526,"t":22790707,"b":"55.70519","a":"7.21049","m":false,"R":true,"wt":"CONTRACT_PRICE","ot":"LIMIT","ps":"LONG","cp":false,"rp":"0.02415504","pP":false,"si":0,"ss":0}}
19:01:11.609   [S1] 19:01:11.609  {"e":"ORDER_TRADE_UPDATE","T":1622134871533,"E":1622134871538,"o":{"s":"BELUSDT","c":"x-yIXKfZTSSB8b7JJa6duepMn7ihQKV","S":"SELL","o":"LIMIT","f":"GTC","q":"3","p":"2.32960","ap":"0","sp":"0","x":"NEW","X":"NEW","i":953249702,"l":"0","z":"0","L":"0","T":1622134871533,"t":0,"b":"55.70519","a":"7.21049","m":false,"R":true,"wt":"CONTRACT_PRICE","ot":"LIMIT","ps":"LONG","cp":false,"rp":"0","pP":false,"si":0,"ss":0}}
19:01:11.609   [S1] 19:01:11.609  {"e":"ORDER_TRADE_UPDATE","T":1622134871533,"E":1622134871538,"o":{"s":"BELUSDT","c":"x-yIXKfZTSSB8b7JJa6duepMn7ihQKV","S":"SELL","o":"LIMIT","f":"GTC","q":"3","p":"2.32960","ap":"2.33320","sp":"0","x":"TRADE","X":"FILLED","i":953249702,"l":"3","z":"3","L":"2.33320","n":"0.00279984","N":"USDT","T":1622134871533,"t":22790708,"b":"55.70519","a":"7.21049","m":false,"R":true,"wt":"CONTRACT_PRICE","ot":"LIMIT","ps":"LONG","cp":false,"rp":"0.02415504","pP":false,"si":0,"ss":0}}
19:01:11.610   [S1] 19:01:11.610  {"e":"ORDER_TRADE_UPDATE","T":1622134871537,"E":1622134871543,"o":{"s":"BELUSDT","c":"x-yIXKfZTSSV4bUibSfUMljNStQ3AZA","S":"SELL","o":"LIMIT","f":"GTC","q":"3","p":"2.32630","ap":"0","sp":"0","x":"NEW","X":"NEW","i":953249705,"l":"0","z":"0","L":"0","T":1622134871537,"t":0,"b":"55.70519","a":"7.21049","m":false,"R":true,"wt":"CONTRACT_PRICE","ot":"LIMIT","ps":"LONG","cp":false,"rp":"0","pP":false,"si":0,"ss":0}}
19:01:11.611   [S1] 19:01:11.611  {"e":"ORDER_TRADE_UPDATE","T":1622134871537,"E":1622134871543,"o":{"s":"BELUSDT","c":"x-yIXKfZTSSV4bUibSfUMljNStQ3AZA","S":"SELL","o":"LIMIT","f":"GTC","q":"3","p":"2.32630","ap":"2.33350","sp":"0","x":"TRADE","X":"FILLED","i":953249705,"l":"3","z":"3","L":"2.33350","n":"0.00280020","N":"USDT","T":1622134871537,"t":22790709,"b":"55.70519","a":"7.21049","m":false,"R":true,"wt":"CONTRACT_PRICE","ot":"LIMIT","ps":"LONG","cp":false,"rp":"0.02505504","pP":false,"si":0,"ss":0}}
19:01:11.628   [S1] 19:01:11.628  {"e":"ORDER_TRADE_UPDATE","T":1622134871556,"E":1622134871561,"o":{"s":"BELUSDT","c":"x-yIXKfZTSSfEaicPhGCTMtJETIrwqB","S":"SELL","o":"LIMIT","f":"GTC","q":"3","p":"2.32960","ap":"0","sp":"0","x":"NEW","X":"NEW","i":953249715,"l":"0","z":"0","L":"0","T":1622134871556,"t":0,"b":"55.70519","a":"7.21049","m":false,"R":true,"wt":"CONTRACT_PRICE","ot":"LIMIT","ps":"LONG","cp":false,"rp":"0","pP":false,"si":0,"ss":0}}
19:01:11.629   [S1] 19:01:11.629  {"e":"ORDER_TRADE_UPDATE","T":1622134871556,"E":1622134871561,"o":{"s":"BELUSDT","c":"x-yIXKfZTSSfEaicPhGCTMtJETIrwqB","S":"SELL","o":"LIMIT","f":"GTC","q":"3","p":"2.32960","ap":"2.33360","sp":"0","x":"TRADE","X":"FILLED","i":953249715,"l":"3","z":"3","L":"2.33360","n":"0.00280032","N":"USDT","T":1622134871556,"t":22790710,"b":"55.70519","a":"7.21049","m":false,"R":true,"wt":"CONTRACT_PRICE","ot":"LIMIT","ps":"LONG","cp":false,"rp":"0.02535504","pP":false,"si":0,"ss":0}}
19:01:11.652   [S1] 19:01:11.652  {"e":"ORDER_TRADE_UPDATE","T":1622134871577,"E":1622134871581,"o":{"s":"BELUSDT","c":"x-yIXKfZTSSiXWoftSX7eUU5hT8PTxI","S":"SELL","o":"LIMIT","f":"GTC","q":"3","p":"2.32630","ap":"0","sp":"0","x":"NEW","X":"NEW","i":953249730,"l":"0","z":"0","L":"0","T":1622134871577,"t":0,"b":"55.70519","a":"7.21049","m":false,"R":true,"wt":"CONTRACT_PRICE","ot":"LIMIT","ps":"LONG","cp":false,"rp":"0","pP":false,"si":0,"ss":0}}
19:01:11.653   [S1] 19:01:11.653  {"e":"ORDER_TRADE_UPDATE","T":1622134871577,"E":1622134871581,"o":{"s":"BELUSDT","c":"x-yIXKfZTSSiXWoftSX7eUU5hT8PTxI","S":"SELL","o":"LIMIT","f":"GTC","q":"3","p":"2.32630","ap":"2.33380","sp":"0","x":"TRADE","X":"FILLED","i":953249730,"l":"3","z":"3","L":"2.33380","n":"0.00280056","N":"USDT","T":1622134871577,"t":22790711,"b":"55.70519","a":"7.21049","m":false,"R":true,"wt":"CONTRACT_PRICE","ot":"LIMIT","ps":"LONG","cp":false,"rp":"0.02595504","pP":false,"si":0,"ss":0}}
19:01:11.877   [S1] 19:01:11.877  {"e":"ORDER_TRADE_UPDATE","T":1622134871578,"E":1622134871583,"o":{"s":"BELUSDT","c":"x-yIXKfZTSSLJ8tJKD6ho1P9ym8vqGx","S":"SELL","o":"LIMIT","f":"GTC","q":"3","p":"2.32960","ap":"0","sp":"0","x":"NEW","X":"NEW","i":953249732,"l":"0","z":"0","L":"0","T":1622134871578,"t":0,"b":"55.70519","a":"7.21049","m":false,"R":true,"wt":"CONTRACT_PRICE","ot":"LIMIT","ps":"LONG","cp":false,"rp":"0","pP":false,"si":0,"ss":0}}
19:01:11.877   [S1] 19:01:11.877  {"e":"ORDER_TRADE_UPDATE","T":1622134871578,"E":1622134871584,"o":{"s":"BELUSDT","c":"x-yIXKfZTSSLJ8tJKD6ho1P9ym8vqGx","S":"SELL","o":"LIMIT","f":"GTC","q":"3","p":"2.32960","ap":"2.33380","sp":"0","x":"TRADE","X":"FILLED","i":953249732,"l":"3","z":"3","L":"2.33380","n":"0.00280056","N":"USDT","T":1622134871578,"t":22790712,"b":"55.70519","a":"7.21049","m":false,"R":true,"wt":"CONTRACT_PRICE","ot":"LIMIT","ps":"LONG","cp":false,"rp":"0.02595504","pP":false,"si":0,"ss":0}}
19:01:11.877   [S1] 19:01:11.877  {"e":"ORDER_TRADE_UPDATE","T":1622134871584,"E":1622134871588,"o":{"s":"BELUSDT","c":"x-yIXKfZTSSUAXbtLQ6NRHBAxromZ0t","S":"SELL","o":"LIMIT","f":"GTC","q":"3","p":"2.32960","ap":"0","sp":"0","x":"NEW","X":"NEW","i":953249738,"l":"0","z":"0","L":"0","T":1622134871584,"t":0,"b":"55.70519","a":"7.21049","m":false,"R":true,"wt":"CONTRACT_PRICE","ot":"LIMIT","ps":"LONG","cp":false,"rp":"0","pP":false,"si":0,"ss":0}}
19:01:11.878   [S1] 19:01:11.878  {"e":"ORDER_TRADE_UPDATE","T":1622134871584,"E":1622134871588,"o":{"s":"BELUSDT","c":"x-yIXKfZTSSUAXbtLQ6NRHBAxromZ0t","S":"SELL","o":"LIMIT","f":"GTC","q":"3","p":"2.32960","ap":"2.33390","sp":"0","x":"TRADE","X":"FILLED","i":953249738,"l":"3","z":"3","L":"2.33390","n":"0.00280068","N":"USDT","T":1622134871584,"t":22790713,"b":"55.70519","a":"7.21049","m":false,"R":true,"wt":"CONTRACT_PRICE","ot":"LIMIT","ps":"LONG","cp":false,"rp":"0.02625504","pP":false,"si":0,"ss":0}}
19:01:11.878   [S1] 19:01:11.878  {"e":"ORDER_TRADE_UPDATE","T":1622134871586,"E":1622134871590,"o":{"s":"BELUSDT","c":"x-yIXKfZTSSUHTabKRkwRuoAbf4YBon","S":"SELL","o":"LIMIT","f":"GTC","q":"3","p":"2.32960","ap":"0","sp":"0","x":"NEW","X":"NEW","i":953249742,"l":"0","z":"0","L":"0","T":1622134871586,"t":0,"b":"55.70519","a":"7.21049","m":false,"R":true,"wt":"CONTRACT_PRICE","ot":"LIMIT","ps":"LONG","cp":false,"rp":"0","pP":false,"si":0,"ss":0}}
19:01:11.878   [S1] 19:01:11.878  {"e":"ORDER_TRADE_UPDATE","T":1622134871586,"E":1622134871590,"o":{"s":"BELUSDT","c":"x-yIXKfZTSSUHTabKRkwRuoAbf4YBon","S":"SELL","o":"LIMIT","f":"GTC","q":"3","p":"2.32960","ap":"2.33410","sp":"0","x":"TRADE","X":"FILLED","i":953249742,"l":"3","z":"3","L":"2.33410","n":"0.00280092","N":"USDT","T":1622134871586,"t":22790714,"b":"55.70519","a":"7.21049","m":false,"R":true,"wt":"CONTRACT_PRICE","ot":"LIMIT","ps":"LONG","cp":false,"rp":"0.02685504","pP":false,"si":0,"ss":0}}
19:01:11.878   [S1] 19:01:11.878  {"e":"ORDER_TRADE_UPDATE","T":1622134871638,"E":1622134871642,"o":{"s":"BELUSDT","c":"x-yIXKfZTSSownqNhiO4wYeDwdkllQe","S":"SELL","o":"LIMIT","f":"GTC","q":"3","p":"2.32960","ap":"0","sp":"0","x":"NEW","X":"NEW","i":953249762,"l":"0","z":"0","L":"0","T":1622134871638,"t":0,"b":"55.70519","a":"7.21049","m":false,"R":true,"wt":"CONTRACT_PRICE","ot":"LIMIT","ps":"LONG","cp":false,"rp":"0","pP":false,"si":0,"ss":0}}
19:01:11.878   [S1] 19:01:11.878  {"e":"ORDER_TRADE_UPDATE","T":1622134871638,"E":1622134871642,"o":{"s":"BELUSDT","c":"x-yIXKfZTSSownqNhiO4wYeDwdkllQe","S":"SELL","o":"LIMIT","f":"GTC","q":"3","p":"2.32960","ap":"2.33430","sp":"0","x":"TRADE","X":"FILLED","i":953249762,"l":"3","z":"3","L":"2.33430","n":"0.00280116","N":"USDT","T":1622134871638,"t":22790715,"b":"55.70519","a":"7.21049","m":false,"R":true,"wt":"CONTRACT_PRICE","ot":"LIMIT","ps":"LONG","cp":false,"rp":"0.02745504","pP":false,"si":0,"ss":0}}
19:01:11.878   [S1] 19:01:11.878  {"e":"ORDER_TRADE_UPDATE","T":1622134871670,"E":1622134871675,"o":{"s":"BELUSDT","c":"x-yIXKfZTSSQeenvRPcIl59E6u54S4A","S":"SELL","o":"LIMIT","f":"GTC","q":"3","p":"2.32960","ap":"0","sp":"0","x":"NEW","X":"NEW","i":953249770,"l":"0","z":"0","L":"0","T":1622134871670,"t":0,"b":"55.70519","a":"7.21049","m":false,"R":true,"wt":"CONTRACT_PRICE","ot":"LIMIT","ps":"LONG","cp":false,"rp":"0","pP":false,"si":0,"ss":0}}
19:01:11.879   [S1] 19:01:11.879  {"e":"ORDER_TRADE_UPDATE","T":1622134871670,"E":1622134871675,"o":{"s":"BELUSDT","c":"x-yIXKfZTSSQeenvRPcIl59E6u54S4A","S":"SELL","o":"LIMIT","f":"GTC","q":"3","p":"2.32960","ap":"2.33390","sp":"0","x":"TRADE","X":"FILLED","i":953249770,"l":"3","z":"3","L":"2.33390","n":"0.00280068","N":"USDT","T":1622134871670,"t":22790719,"b":"55.70519","a":"7.21049","m":false,"R":true,"wt":"CONTRACT_PRICE","ot":"LIMIT","ps":"LONG","cp":false,"rp":"0.02625504","pP":false,"si":0,"ss":0}}
19:01:11.895   [S1] 19:01:11.895  {"e":"ORDER_TRADE_UPDATE","T":1622134871824,"E":1622134871829,"o":{"s":"BELUSDT","c":"x-yIXKfZTSSSVVCe4eJ1JXOcuYwuWJA","S":"SELL","o":"LIMIT","f":"GTC","q":"3","p":"2.40350","ap":"0","sp":"0","x":"CANCELED","X":"CANCELED","i":953249090,"l":"0","z":"0","L":"0","T":1622134871824,"t":0,"b":"55.70519","a":"0","m":false,"R":true,"wt":"CONTRACT_PRICE","ot":"LIMIT","ps":"LONG","cp":false,"rp":"0","pP":false,"si":0,"ss":0}}
19:01:12.501   [S1] 19:01:12.501  {"e":"ORDER_TRADE_UPDATE","T":1622134872428,"E":1622134872433,"o":{"s":"BELUSDT","c":"x-yIXKfZTSS3juvGX04AnFk5Nq9Zorp","S":"SELL","o":"LIMIT","f":"GTC","q":"3","p":"2.32960","ap":"0","sp":"0","x":"NEW","X":"NEW","i":953249966,"l":"0","z":"0","L":"0","T":1622134872428,"t":0,"b":"55.70519","a":"0","m":false,"R":true,"wt":"CONTRACT_PRICE","ot":"LIMIT","ps":"LONG","cp":false,"rp":"0","pP":false,"si":0,"ss":0}}
19:01:12.501   [S1] 19:01:12.501  {"e":"ORDER_TRADE_UPDATE","T":1622134872428,"E":1622134872433,"o":{"s":"BELUSDT","c":"x-yIXKfZTSS3juvGX04AnFk5Nq9Zorp","S":"SELL","o":"LIMIT","f":"GTC","q":"3","p":"2.32960","ap":"2.33340","sp":"0","x":"TRADE","X":"FILLED","i":953249966,"l":"3","z":"3","L":"2.33340","n":"0.00280008","N":"USDT","T":1622134872428,"t":22790734,"b":"55.70519","a":"0","m":false,"R":true,"wt":"CONTRACT_PRICE","ot":"LIMIT","ps":"LONG","cp":false,"rp":"0.02475504","pP":false,"si":0,"ss":0}}
19:01:18.887   [S1] 19:01:18.887  {"e":"ORDER_TRADE_UPDATE","T":1622134878808,"E":1622134878814,"o":{"s":"BELUSDT","c":"x-yIXKfZTSMKxlfuNVPejRYQ5aWGS7n","S":"BUY","o":"LIMIT","f":"GTC","q":"3","p":"2.32140","ap":"0","sp":"0","x":"CANCELED","X":"CANCELED","i":953245822,"l":"0","z":"0","L":"0","T":1622134878808,"t":0,"b":"48.74099","a":"0","m":false,"R":false,"wt":"CONTRACT_PRICE","ot":"LIMIT","ps":"LONG","cp":false,"rp":"0","pP":false,"si":0,"ss":0}}
19:01:18.888   [S1] 19:01:18.888  {"e":"ORDER_TRADE_UPDATE","T":1622134878817,"E":1622134878821,"o":{"s":"BELUSDT","c":"x-yIXKfZTSM2hmUi1ELetnDj75IZRJz","S":"BUY","o":"LIMIT","f":"GTC","q":"3","p":"2.32280","ap":"0","sp":"0","x":"CANCELED","X":"CANCELED","i":953245660,"l":"0","z":"0","L":"0","T":1622134878817,"t":0,"b":"41.77259","a":"0","m":false,"R":false,"wt":"CONTRACT_PRICE","ot":"LIMIT","ps":"LONG","cp":false,"rp":"0","pP":false,"si":0,"ss":0}}
19:01:18.890   [S1] 19:01:18.890  {"e":"ORDER_TRADE_UPDATE","T":1622134878820,"E":1622134878824,"o":{"s":"BELUSDT","c":"x-yIXKfZTSMtnwJ4ZUkfYsO6tyjtDVp","S":"BUY","o":"LIMIT","f":"GTC","q":"3","p":"2.31690","ap":"0","sp":"0","x":"CANCELED","X":"CANCELED","i":953244922,"l":"0","z":"0","L":"0","T":1622134878820,"t":0,"b":"34.82189","a":"0","m":false,"R":false,"wt":"CONTRACT_PRICE","ot":"LIMIT","ps":"LONG","cp":false,"rp":"0","pP":false,"si":0,"ss":0}}
19:01:18.897   [S1] 19:01:18.897  {"e":"ORDER_TRADE_UPDATE","T":1622134878824,"E":1622134878830,"o":{"s":"BELUSDT","c":"x-yIXKfZTSMGkbYbawe4Gqq7m3SfOLz","S":"BUY","o":"LIMIT","f":"GTC","q":"3","p":"2.32050","ap":"0","sp":"0","x":"CANCELED","X":"CANCELED","i":953245648,"l":"0","z":"0","L":"0","T":1622134878824,"t":0,"b":"27.86039","a":"0","m":false,"R":false,"wt":"CONTRACT_PRICE","ot":"LIMIT","ps":"LONG","cp":false,"rp":"0","pP":false,"si":0,"ss":0}}
19:01:18.903   [S1] 19:01:18.903  {"e":"ORDER_TRADE_UPDATE","T":1622134878828,"E":1622134878832,"o":{"s":"BELUSDT","c":"x-yIXKfZTSMWshMpmlvPxbP8qZjaETM","S":"BUY","o":"LIMIT","f":"GTC","q":"3","p":"2.32280","ap":"0","sp":"0","x":"CANCELED","X":"CANCELED","i":953245543,"l":"0","z":"0","L":"0","T":1622134878828,"t":0,"b":"20.89199","a":"0","m":false,"R":false,"wt":"CONTRACT_PRICE","ot":"LIMIT","ps":"LONG","cp":false,"rp":"0","pP":false,"si":0,"ss":0}}
19:01:18.903   [S1] 19:01:18.903  {"e":"ORDER_TRADE_UPDATE","T":1622134878831,"E":1622134878834,"o":{"s":"BELUSDT","c":"x-yIXKfZTSMb4uCIOzPYDLLGTnqQwmW","S":"BUY","o":"LIMIT","f":"GTC","q":"3","p":"2.32060","ap":"0","sp":"0","x":"CANCELED","X":"CANCELED","i":953245744,"l":"0","z":"0","L":"0","T":1622134878831,"t":0,"b":"13.93019","a":"0","m":false,"R":false,"wt":"CONTRACT_PRICE","ot":"LIMIT","ps":"LONG","cp":false,"rp":"0","pP":false,"si":0,"ss":0}}
19:01:18.921   [S1] 19:01:18.921  {"e":"ORDER_TRADE_UPDATE","T":1622134878840,"E":1622134878848,"o":{"s":"BELUSDT","c":"x-yIXKfZTSMIKcBewPpdmu45FgtHnJd","S":"BUY","o":"LIMIT","f":"GTC","q":"3","p":"2.32290","ap":"0","sp":"0","x":"CANCELED","X":"CANCELED","i":953245746,"l":"0","z":"0","L":"0","T":1622134878840,"t":0,"b":"6.96149","a":"0","m":false,"R":false,"wt":"CONTRACT_PRICE","ot":"LIMIT","ps":"LONG","cp":false,"rp":"0","pP":false,"si":0,"ss":0}}
19:01:19.749   [S1] 19:01:19.749  {"e":"ORDER_TRADE_UPDATE","T":1622134879676,"E":1622134879683,"o":{"s":"BELUSDT","c":"x-yIXKfZTSMgb3RYScrWtSwrYDRU4zN","S":"BUY","o":"LIMIT","f":"GTC","q":"3","p":"2.32050","ap":"0","sp":"0","x":"CANCELED","X":"CANCELED","i":953245519,"l":"0","z":"0","L":"0","T":1622134879676,"t":0,"b":"0","a":"0","m":false,"R":false,"wt":"CONTRACT_PRICE","ot":"LIMIT","ps":"LONG","cp":false,"rp":"0","pP":false,"si":0,"ss":0}}
19:01:33.853   [S1] 19:01:33.853  {"e":"ORDER_TRADE_UPDATE","T":1622134893781,"E":1622134893785,"o":{"s":"BELUSDT","c":"x-yIXKfZTSMyTgXqy6Scdgf0VexRtmC","S":"BUY","o":"LIMIT","f":"GTC","q":"3","p":"2.33040","ap":"0","sp":"0","x":"NEW","X":"NEW","i":953252132,"l":"0","z":"0","L":"0","T":1622134893781,"t":0,"b":"6.99119","a":"0","m":false,"R":false,"wt":"CONTRACT_PRICE","ot":"LIMIT","ps":"LONG","cp":false,"rp":"0","pP":false,"si":0,"ss":0}}
19:01:33.877   [S1] 19:01:33.877  {"e":"ORDER_TRADE_UPDATE","T":1622134893806,"E":1622134893811,"o":{"s":"BELUSDT","c":"x-yIXKfZTSM1FpFZjjV3aqSWQWLM02a","S":"BUY","o":"LIMIT","f":"GTC","q":"3","p":"2.32800","ap":"0","sp":"0","x":"NEW","X":"NEW","i":953252135,"l":"0","z":"0","L":"0","T":1622134893806,"t":0,"b":"13.97519","a":"0","m":false,"R":false,"wt":"CONTRACT_PRICE","ot":"LIMIT","ps":"LONG","cp":false,"rp":"0","pP":false,"si":0,"ss":0}}
19:01:34.037   [S1] 19:01:34.037  {"e":"ORDER_TRADE_UPDATE","T":1622134893965,"E":1622134893971,"o":{"s":"BELUSDT","c":"x-yIXKfZTSMZVXuoHf3kvK6FMzgtIK3","S":"BUY","o":"LIMIT","f":"GTC","q":"3","p":"2.32570","ap":"0","sp":"0","x":"NEW","X":"NEW","i":953252159,"l":"0","z":"0","L":"0","T":1622134893965,"t":0,"b":"20.95229","a":"0","m":false,"R":false,"wt":"CONTRACT_PRICE","ot":"LIMIT","ps":"LONG","cp":false,"rp":"0","pP":false,"si":0,"ss":0}}
19:01:34.723   [S1] 19:01:34.723  {"e":"ORDER_TRADE_UPDATE","T":1622134894652,"E":1622134894657,"o":{"s":"BELUSDT","c":"x-yIXKfZTSM6WqUvW7RzmcGM4BqJtYR","S":"BUY","o":"LIMIT","f":"GTC","q":"3","p":"2.33270","ap":"0","sp":"0","x":"NEW","X":"NEW","i":953252183,"l":"0","z":"0","L":"0","T":1622134894652,"t":0,"b":"27.95039","a":"0","m":false,"R":false,"wt":"CONTRACT_PRICE","ot":"LIMIT","ps":"LONG","cp":false,"rp":"0","pP":false,"si":0,"ss":0}}
19:01:36.411   [S1] 19:01:36.411  {"e":"ORDER_TRADE_UPDATE","T":1622134896339,"E":1622134896344,"o":{"s":"BELUSDT","c":"x-yIXKfZTSM6WqUvW7RzmcGM4BqJtYR","S":"BUY","o":"LIMIT","f":"GTC","q":"3","p":"2.33270","ap":"2.33270","sp":"0","x":"TRADE","X":"FILLED","i":953252183,"l":"3","z":"3","L":"2.33270","n":"0.00139962","N":"USDT","T":1622134896339,"t":22790981,"b":"20.95229","a":"0","m":true,"R":false,"wt":"CONTRACT_PRICE","ot":"LIMIT","ps":"LONG","cp":false,"rp":"0","pP":false,"si":0,"ss":0}}
19:01:36.987   [S1] 19:01:36.987  {"e":"ORDER_TRADE_UPDATE","T":1622134896894,"E":1622134896898,"o":{"s":"BELUSDT","c":"x-yIXKfZTSSOejSL1BU45krx4y5JO3f","S":"SELL","o":"LIMIT","f":"GTC","q":"3","p":"2.40680","ap":"0","sp":"0","x":"NEW","X":"NEW","i":953252409,"l":"0","z":"0","L":"0","T":1622134896894,"t":0,"b":"20.95229","a":"7.22039","m":false,"R":true,"wt":"CONTRACT_PRICE","ot":"LIMIT","ps":"LONG","cp":false,"rp":"0","pP":false,"si":0,"ss":0}}
19:01:36.999   [S1] 19:01:36.999  {"e":"ORDER_TRADE_UPDATE","T":1622134896900,"E":1622134896905,"o":{"s":"BELUSDT","c":"x-yIXKfZTSMTaZwG0jNQIksaIuplIrw","S":"BUY","o":"LIMIT","f":"GTC","q":"3","p":"2.33910","ap":"0","sp":"0","x":"NEW","X":"NEW","i":953252410,"l":"0","z":"0","L":"0","T":1622134896900,"t":0,"b":"20.95229","a":"7.22039","m":false,"R":false,"wt":"CONTRACT_PRICE","ot":"LIMIT","ps":"LONG","cp":false,"rp":"0","pP":false,"si":0,"ss":0}}
19:01:37.000   [S1] 19:01:37.000  {"e":"ORDER_TRADE_UPDATE","T":1622134896900,"E":1622134896905,"o":{"s":"BELUSDT","c":"x-yIXKfZTSMTaZwG0jNQIksaIuplIrw","S":"BUY","o":"LIMIT","f":"GTC","q":"3","p":"2.33910","ap":"2.33430","sp":"0","x":"TRADE","X":"FILLED","i":953252410,"l":"3","z":"3","L":"2.33430","n":"0.00280116","N":"USDT","T":1622134896900,"t":22790990,"b":"20.95229","a":"7.22039","m":false,"R":false,"wt":"CONTRACT_PRICE","ot":"LIMIT","ps":"LONG","cp":false,"rp":"0","pP":false,"si":0,"ss":0}}
19:01:37.004   [S1] 19:01:37.004  {"e":"ORDER_TRADE_UPDATE","T":1622134896914,"E":1622134896920,"o":{"s":"BELUSDT","c":"x-yIXKfZTSMt8KqmX6N9tsubAntz8W2","S":"BUY","o":"LIMIT","f":"GTC","q":"3","p":"2.33210","ap":"0","sp":"0","x":"NEW","X":"NEW","i":953252411,"l":"0","z":"0","L":"0","T":1622134896914,"t":0,"b":"27.94859","a":"7.22039","m":false,"R":false,"wt":"CONTRACT_PRICE","ot":"LIMIT","ps":"LONG","cp":false,"rp":"0","pP":false,"si":0,"ss":0}}
19:01:37.010   [S1] 19:01:37.010  {"e":"ORDER_TRADE_UPDATE","T":1622134896936,"E":1622134896941,"o":{"s":"BELUSDT","c":"x-yIXKfZTSMFU9pnGPhWtNus246zRDu","S":"BUY","o":"LIMIT","f":"GTC","q":"3","p":"2.33680","ap":"0","sp":"0","x":"NEW","X":"NEW","i":953252413,"l":"0","z":"0","L":"0","T":1622134896936,"t":0,"b":"27.94859","a":"7.22039","m":false,"R":false,"wt":"CONTRACT_PRICE","ot":"LIMIT","ps":"LONG","cp":false,"rp":"0","pP":false,"si":0,"ss":0}}
19:01:37.010   [S1] 19:01:37.010  {"e":"ORDER_TRADE_UPDATE","T":1622134896936,"E":1622134896941,"o":{"s":"BELUSDT","c":"x-yIXKfZTSMFU9pnGPhWtNus246zRDu","S":"BUY","o":"LIMIT","f":"GTC","q":"3","p":"2.33680","ap":"2.33430","sp":"0","x":"TRADE","X":"FILLED","i":953252413,"l":"3","z":"3","L":"2.33430","n":"0.00280116","N":"USDT","T":1622134896936,"t":22790991,"b":"27.94859","a":"7.22039","m":false,"R":false,"wt":"CONTRACT_PRICE","ot":"LIMIT","ps":"LONG","cp":false,"rp":"0","pP":false,"si":0,"ss":0}}
19:01:37.015   [S1] 19:01:37.015  {"e":"ORDER_TRADE_UPDATE","T":1622134896944,"E":1622134896949,"o":{"s":"BELUSDT","c":"x-yIXKfZTSMDqkzFhRMYKu8cl09cXxQ","S":"BUY","o":"LIMIT","f":"GTC","q":"3","p":"2.33450","ap":"0","sp":"0","x":"NEW","X":"NEW","i":953252415,"l":"0","z":"0","L":"0","T":1622134896944,"t":0,"b":"27.94859","a":"7.22039","m":false,"R":false,"wt":"CONTRACT_PRICE","ot":"LIMIT","ps":"LONG","cp":false,"rp":"0","pP":false,"si":0,"ss":0}}
19:01:37.015   [S1] 19:01:37.015  {"e":"ORDER_TRADE_UPDATE","T":1622134896944,"E":1622134896949,"o":{"s":"BELUSDT","c":"x-yIXKfZTSMDqkzFhRMYKu8cl09cXxQ","S":"BUY","o":"LIMIT","f":"GTC","q":"3","p":"2.33450","ap":"2.33430","sp":"0","x":"TRADE","X":"FILLED","i":953252415,"l":"3","z":"3","L":"2.33430","n":"0.00280116","N":"USDT","T":1622134896944,"t":22790992,"b":"27.94859","a":"7.22039","m":false,"R":false,"wt":"CONTRACT_PRICE","ot":"LIMIT","ps":"LONG","cp":false,"rp":"0","pP":false,"si":0,"ss":0}}
19:01:37.583   [S1] 19:01:37.583  {"e":"ORDER_TRADE_UPDATE","T":1622134897499,"E":1622134897505,"o":{"s":"BELUSDT","c":"x-yIXKfZTSS8XnmKeOG78UkTB4Bode7","S":"SELL","o":"LIMIT","f":"GTC","q":"3","p":"2.40990","ap":"0","sp":"0","x":"NEW","X":"NEW","i":953252454,"l":"0","z":"0","L":"0","T":1622134897499,"t":0,"b":"27.94859","a":"14.45009","m":false,"R":true,"wt":"CONTRACT_PRICE","ot":"LIMIT","ps":"LONG","cp":false,"rp":"0","pP":false,"si":0,"ss":0}}
19:01:37.611   [S1] 19:01:37.611  {"e":"ORDER_TRADE_UPDATE","T":1622134897540,"E":1622134897544,"o":{"s":"BELUSDT","c":"x-yIXKfZTSS0iakX05xSf3oJHNp4Gm8","S":"SELL","o":"LIMIT","f":"GTC","q":"3","p":"2.40990","ap":"0","sp":"0","x":"NEW","X":"NEW","i":953252458,"l":"0","z":"0","L":"0","T":1622134897540,"t":0,"b":"27.94859","a":"21.67979","m":false,"R":true,"wt":"CONTRACT_PRICE","ot":"LIMIT","ps":"LONG","cp":false,"rp":"0","pP":false,"si":0,"ss":0}}
19:01:37.612   [S1] 19:01:37.612  {"e":"ORDER_TRADE_UPDATE","T":1622134897543,"E":1622134897546,"o":{"s":"BELUSDT","c":"x-yIXKfZTSSIMLcxlSI9f5fINgFsAYk","S":"SELL","o":"LIMIT","f":"GTC","q":"3","p":"2.40990","ap":"0","sp":"0","x":"NEW","X":"NEW","i":953252459,"l":"0","z":"0","L":"0","T":1622134897543,"t":0,"b":"27.94859","a":"28.90949","m":false,"R":true,"wt":"CONTRACT_PRICE","ot":"LIMIT","ps":"LONG","cp":false,"rp":"0","pP":false,"si":0,"ss":0}}
19:01:37.977   [S1] 19:01:37.977  {"e":"ORDER_TRADE_UPDATE","T":1622134897906,"E":1622134897911,"o":{"s":"BELUSDT","c":"x-yIXKfZTSMt8KqmX6N9tsubAntz8W2","S":"BUY","o":"LIMIT","f":"GTC","q":"3","p":"2.33210","ap":"2.33210","sp":"0","x":"TRADE","X":"FILLED","i":953252411,"l":"3","z":"3","L":"2.33210","n":"0.00139926","N":"USDT","T":1622134897906,"t":22790996,"b":"20.95229","a":"28.90949","m":true,"R":false,"wt":"CONTRACT_PRICE","ot":"LIMIT","ps":"LONG","cp":false,"rp":"0","pP":false,"si":0,"ss":0}}
19:01:38.703   [S1] 19:01:38.703  {"e":"ORDER_TRADE_UPDATE","T":1622134898634,"E":1622134898638,"o":{"s":"BELUSDT","c":"x-yIXKfZTSSTEodM654cHydPRL7Ju1n","S":"SELL","o":"LIMIT","f":"GTC","q":"3","p":"2.40680","ap":"0","sp":"0","x":"NEW","X":"NEW","i":953252531,"l":"0","z":"0","L":"0","T":1622134898634,"t":0,"b":"20.95229","a":"36.12989","m":false,"R":true,"wt":"CONTRACT_PRICE","ot":"LIMIT","ps":"LONG","cp":false,"rp":"0","pP":false,"si":0,"ss":0}}
19:01:38.773   [S1] 19:01:38.773  {"e":"ORDER_TRADE_UPDATE","T":1622134898703,"E":1622134898707,"o":{"s":"BELUSDT","c":"x-yIXKfZTSM1FpFZjjV3aqSWQWLM02a","S":"BUY","o":"LIMIT","f":"GTC","q":"3","p":"2.32800","ap":"0","sp":"0","x":"CANCELED","X":"CANCELED","i":953252135,"l":"0","z":"0","L":"0","T":1622134898703,"t":0,"b":"13.96829","a":"36.12989","m":false,"R":false,"wt":"CONTRACT_PRICE","ot":"LIMIT","ps":"LONG","cp":false,"rp":"0","pP":false,"si":0,"ss":0}}
19:01:38.785   [S1] 19:01:38.785  {"e":"ORDER_TRADE_UPDATE","T":1622134898714,"E":1622134898718,"o":{"s":"BELUSDT","c":"x-yIXKfZTSMyTgXqy6Scdgf0VexRtmC","S":"BUY","o":"LIMIT","f":"GTC","q":"3","p":"2.33040","ap":"0","sp":"0","x":"CANCELED","X":"CANCELED","i":953252132,"l":"0","z":"0","L":"0","T":1622134898714,"t":0,"b":"6.97709","a":"36.12989","m":false,"R":false,"wt":"CONTRACT_PRICE","ot":"LIMIT","ps":"LONG","cp":false,"rp":"0","pP":false,"si":0,"ss":0}}
19:01:38.821   [S1] 19:01:38.821  {"e":"ORDER_TRADE_UPDATE","T":1622134898749,"E":1622134898753,"o":{"s":"BELUSDT","c":"x-yIXKfZTSMZVXuoHf3kvK6FMzgtIK3","S":"BUY","o":"LIMIT","f":"GTC","q":"3","p":"2.32570","ap":"0","sp":"0","x":"CANCELED","X":"CANCELED","i":953252159,"l":"0","z":"0","L":"0","T":1622134898749,"t":0,"b":"0","a":"36.12989","m":false,"R":false,"wt":"CONTRACT_PRICE","ot":"LIMIT","ps":"LONG","cp":false,"rp":"0","pP":false,"si":0,"ss":0}}
19:01:42.873   [S1] 19:01:42.873  {"e":"ORDER_TRADE_UPDATE","T":1622134902801,"E":1622134902805,"o":{"s":"BELUSDT","c":"x-yIXKfZTSS0iakX05xSf3oJHNp4Gm8","S":"SELL","o":"LIMIT","f":"GTC","q":"3","p":"2.40990","ap":"0","sp":"0","x":"CANCELED","X":"CANCELED","i":953252458,"l":"0","z":"0","L":"0","T":1622134902801,"t":0,"b":"0","a":"28.90019","m":false,"R":true,"wt":"CONTRACT_PRICE","ot":"LIMIT","ps":"LONG","cp":false,"rp":"0","pP":false,"si":0,"ss":0}}
19:01:42.873   [S1] 19:01:42.873  {"e":"ORDER_TRADE_UPDATE","T":1622134902802,"E":1622134902806,"o":{"s":"BELUSDT","c":"x-yIXKfZTSSOejSL1BU45krx4y5JO3f","S":"SELL","o":"LIMIT","f":"GTC","q":"3","p":"2.40680","ap":"0","sp":"0","x":"CANCELED","X":"CANCELED","i":953252409,"l":"0","z":"0","L":"0","T":1622134902802,"t":0,"b":"0","a":"21.67979","m":false,"R":true,"wt":"CONTRACT_PRICE","ot":"LIMIT","ps":"LONG","cp":false,"rp":"0","pP":false,"si":0,"ss":0}}
19:01:42.878   [S1] 19:01:42.878  {"e":"ORDER_TRADE_UPDATE","T":1622134902808,"E":1622134902811,"o":{"s":"BELUSDT","c":"x-yIXKfZTSSIMLcxlSI9f5fINgFsAYk","S":"SELL","o":"LIMIT","f":"GTC","q":"3","p":"2.40990","ap":"0","sp":"0","x":"CANCELED","X":"CANCELED","i":953252459,"l":"0","z":"0","L":"0","T":1622134902808,"t":0,"b":"0","a":"14.45009","m":false,"R":true,"wt":"CONTRACT_PRICE","ot":"LIMIT","ps":"LONG","cp":false,"rp":"0","pP":false,"si":0,"ss":0}}
19:01:42.890   [S1] 19:01:42.890  {"e":"ORDER_TRADE_UPDATE","T":1622134902817,"E":1622134902820,"o":{"s":"BELUSDT","c":"x-yIXKfZTSS8XnmKeOG78UkTB4Bode7","S":"SELL","o":"LIMIT","f":"GTC","q":"3","p":"2.40990","ap":"0","sp":"0","x":"CANCELED","X":"CANCELED","i":953252454,"l":"0","z":"0","L":"0","T":1622134902817,"t":0,"b":"0","a":"7.22039","m":false,"R":true,"wt":"CONTRACT_PRICE","ot":"LIMIT","ps":"LONG","cp":false,"rp":"0","pP":false,"si":0,"ss":0}}
19:01:43.418   [S1] 19:01:43.418  {"e":"ORDER_TRADE_UPDATE","T":1622134903340,"E":1622134903345,"o":{"s":"BELUSDT","c":"x-yIXKfZTSSZPWeBFzpJU1YIOrUdzmY","S":"SELL","o":"LIMIT","f":"GTC","q":"3","p":"2.33090","ap":"0","sp":"0","x":"NEW","X":"NEW","i":953252935,"l":"0","z":"0","L":"0","T":1622134903340,"t":0,"b":"0","a":"7.22039","m":false,"R":true,"wt":"CONTRACT_PRICE","ot":"LIMIT","ps":"LONG","cp":false,"rp":"0","pP":false,"si":0,"ss":0}}
19:01:43.418   [S1] 19:01:43.418  {"e":"ORDER_TRADE_UPDATE","T":1622134903340,"E":1622134903345,"o":{"s":"BELUSDT","c":"x-yIXKfZTSSZPWeBFzpJU1YIOrUdzmY","S":"SELL","o":"LIMIT","f":"GTC","q":"3","p":"2.33090","ap":"2.33370","sp":"0","x":"TRADE","X":"FILLED","i":953252935,"l":"3","z":"3","L":"2.33370","n":"0.00280044","N":"USDT","T":1622134903340,"t":22791019,"b":"0","a":"7.22039","m":false,"R":true,"wt":"CONTRACT_PRICE","ot":"LIMIT","ps":"LONG","cp":false,"rp":"0.00048000","pP":false,"si":0,"ss":0}}
19:01:43.439   [S1] 19:01:43.439  {"e":"ORDER_TRADE_UPDATE","T":1622134903367,"E":1622134903372,"o":{"s":"BELUSDT","c":"x-yIXKfZTSSjtZDrtRiSsYYgbHTcxxd","S":"SELL","o":"LIMIT","f":"GTC","q":"3","p":"2.33090","ap":"0","sp":"0","x":"NEW","X":"NEW","i":953252937,"l":"0","z":"0","L":"0","T":1622134903367,"t":0,"b":"0","a":"7.22039","m":false,"R":true,"wt":"CONTRACT_PRICE","ot":"LIMIT","ps":"LONG","cp":false,"rp":"0","pP":false,"si":0,"ss":0}}
19:01:43.440   [S1] 19:01:43.440  {"e":"ORDER_TRADE_UPDATE","T":1622134903367,"E":1622134903372,"o":{"s":"BELUSDT","c":"x-yIXKfZTSSjtZDrtRiSsYYgbHTcxxd","S":"SELL","o":"LIMIT","f":"GTC","q":"3","p":"2.33090","ap":"2.33370","sp":"0","x":"TRADE","X":"FILLED","i":953252937,"l":"3","z":"3","L":"2.33370","n":"0.00280044","N":"USDT","T":1622134903367,"t":22791020,"b":"0","a":"7.22039","m":false,"R":true,"wt":"CONTRACT_PRICE","ot":"LIMIT","ps":"LONG","cp":false,"rp":"0.00048000","pP":false,"si":0,"ss":0}}
19:01:43.452   [S1] 19:01:43.452  {"e":"ORDER_TRADE_UPDATE","T":1622134903379,"E":1622134903385,"o":{"s":"BELUSDT","c":"x-yIXKfZTSSDLpauDB7pZAxMHHsFqrb","S":"SELL","o":"LIMIT","f":"GTC","q":"3","p":"2.33090","ap":"0","sp":"0","x":"NEW","X":"NEW","i":953252938,"l":"0","z":"0","L":"0","T":1622134903379,"t":0,"b":"0","a":"7.22039","m":false,"R":true,"wt":"CONTRACT_PRICE","ot":"LIMIT","ps":"LONG","cp":false,"rp":"0","pP":false,"si":0,"ss":0}}
19:01:43.452   [S1] 19:01:43.452  {"e":"ORDER_TRADE_UPDATE","T":1622134903379,"E":1622134903385,"o":{"s":"BELUSDT","c":"x-yIXKfZTSSDLpauDB7pZAxMHHsFqrb","S":"SELL","o":"LIMIT","f":"GTC","q":"3","p":"2.33090","ap":"2.33370","sp":"0","x":"TRADE","X":"FILLED","i":953252938,"l":"3","z":"3","L":"2.33370","n":"0.00280044","N":"USDT","T":1622134903379,"t":22791021,"b":"0","a":"7.22039","m":false,"R":true,"wt":"CONTRACT_PRICE","ot":"LIMIT","ps":"LONG","cp":false,"rp":"0.00048000","pP":false,"si":0,"ss":0}}
